3014 4724
230 257 253 322 6
606 265 738 316 stcour
761 263 946 312 unorovrr

226 413 425 502 jamdudum
440 417 584 477 osteum
601 407 770 492 impertivi
786 405 914 490 aliquid
932 425 1054 490 operae,
1068 413 1102 473 et
1115 409 1195 493 plus
1210 409 1327 482 debeo.

233 516 367 582 Contuli
382 515 561 580 enimcum
576 509 753 575 codicibus
767 509 865 573 bonae
888 513 993 587 uotae,
1013 515 1048 574 et
1066 511 1196 595 sylvam
1210 517 1330 598 paravi

231 621 480 684 observatorum
495 632 563 679 non
578 611 807 698 spernendum,
821 628 924 693 quam
937 631 1046 694 nuper
1055 633 1078 678 a
1089 613 1187 679 Livio
1198 635 1328 681 vacuus

231 721 378 802 digerere
392 718 494 800 eoept,
515 735 576 779 uec
591 733 679 777 uunc
695 713 788 777 aliud
803 731 947 794 agerem,
962 714 1028 779 uisi
1042 735 1095 779 me
1110 716 1155 780 ad
1170 717 1329 781 Tacitum

233 825 411 887 avocasset
425 817 621 883 Eluevirius.
667 815 788 899 ltaque
811 813 980 881 diffindere
1001 817 1052 882 illi
1071 817 1160 884 diem
1176 819 1329 902 compel-

231 927 299 990 lor:
314 943 378 987 nou
394 921 504 1006 abjeci
530 927 655 997 tamen,
678 919 737 982 sed
763 918 946 983 identidem
969 939 1116 998 resumo,
1138 923 1217 986 etsi
1233 921 1328 988 Deus

233 1029 314 1109 Opt.
330 1023 428 1090 Max.
444 1023 549 1088 vitam
562 1027 597 1087 ot
610 1023 700 1086 vires
723 1021 827 1098 dabit,
850 1021 964 1085 multis
989 1023 1141 1105 partibus
1167 1043 1243 1088 eum
1266 1025 1353 1090 tibi.

231 1127 420 1194 nitidiorem
441 1127 569 1190 sistam.
614 1123 683 1188 Hic
697 1129 733 1188 tu
747 1121 824 1188 vide
838 1139 882 1185 arr
897 1127 990 1186 tuum
1005 1123 1089 1188 illud
1106 1129 1200 1188 votus
1214 1143 1329 1189 exem-

232 1231 307 1315 plur
315 1227 500 1313 symbolam
510 1226 591 1290 mihi
603 1225 751 1290 conferre
760 1225 866 1289 velis:
883 1225 956 1289 sive
966 1224 1081 1308 ipsum
1092 1225 1206 1291 mittas
1218 1224 1328 1311 (quod

233 1331 368 1416 quidem
383 1330 548 1412 optimum
562 1329 641 1392 erit:
666 1327 726 1392 sed
743 1345 868 1404 vereor,
884 1345 925 1390 ue
939 1327 985 1391 sit
997 1328 1187 1411 improbum
1201 1327 1330 1394 deside-

233 1434 336 1498 rium:
358 1433 474 1513 itaque
489 1431 520 1495 si
535 1430 726 1512 gravabere,
741 1448 807 1492 nou
821 1429 947 1492 irascar
962 1426 1042 1513 tibi)
1066 1429 1140 1492 sive
1153 1429 1331 1494 varietates

234 1551 413 1616 excerpas,
439 1539 500 1596 aut
529 1533 573 1596 ab
602 1531 736 1596 homine
763 1530 931 1596 industrio
947 1533 1085 1616 excerpi
1110 1549 1217 1596 cures.
1260 1531 1330 1596 Sed

235 1642 314 1699 aute
330 1635 442 1698 omnia
455 1633 646 1710 videndum,
665 1651 708 1696 an
724 1633 771 1696 sit
784 1632 877 1696 tanti.
921 1630 1041 1716 ltaque
1060 1633 1146 1697 scire
1160 1632 1281 1715 gestio,
1296 1633 1332 1696 iu

234 1735 427 1800 membrana
450 1719 593 1818 scriptus
615 1736 671 1812 sit,
692 1754 735 1797 au
757 1735 792 1797 in
812 1733 949 1798 chartei
969 1754 1069 1819 quam
1090 1735 1235 1817 opineris
1250 1738 1345 1799 aeta-'

235 1837 326 1902 torui
371 1835 493 1902 Graeca
515 1837 636 1902 lrabeat
656 1855 829 1920 expressa,
848 1855 890 1900 au
905 1836 1115 1902 dissimuletl
1135 1837 1260 1919 integer
1274 1837 1331 1915 sit,

235 1957 278 2004 au
293 1945 331 2002 ut
345 1937 528 2022 pleriquea
542 1958 631 2004 nouo
645 1945 705 2003 aut
719 1939 852 2003 decimo
865 1939 951 2004 libro
964 1939 1095 2004 initium
1110 1940 1241 2006 saciatt
1255 1941 1334 2006 etsi

233 2041 361 2120 integer
375 2045 437 2117 est,
453 2059 495 2104 au
509 2039 757 2120 Praelntionem
781 2061 860 2125 quse
880 2042 916 2106 in
937 2043 1082 2124 vulgatis
1101 2041 1258 2107 adfinem
1274 2043 1335 2108 acl·

235 2142 346 2219 haesit,
359 2161 423 2206 suo
437 2143 513 2207 loco
523 2142 671 2208 habenti
686 2145 768 2209 item
784 2151 823 2210 ut
836 2145 1009 2228 concipiat
1023 2145 1223 2228 principium
1236 2147 1294 2210 lib.
1309 2162 1335 2212 r.

236 2263 314 2325 cap.
332 2259 356 2306 t.
380 2243 609 2310 ‘Plutarchus
623 2245 657 2309 iu
678 2245 775 2325 libro,
797 2265 898 2331 quem
912 2246 1030 2310 scribit
1050 2243 1136 2322 ὁπόση
1157 2245 1261 2333 ψυχῶν
1283 2246 1331 2310 καὶ

237 2341 380 2424 σωμάτων
400 2344 460 2428 περὶ
482 2346 598 2422 εὐφυΐαν
619 2348 668 2412 aul
690 2351 789 2433 ἅρπῇν
810 2346 948 2434 brunon&
962 2351 1022 2413 boc.
1044 2345 1331 2432 longitudinisque

238 2445 399 2511 Herculis
425 2451 633 2531 praestantia.
678 2450 791 2532 Longe
819 2450 917 2514 aliter
940 2450 1029 2513 euim
1054 2451 1175 2534 optimi
1199 2449 1332 2534 quique.

237 2547 328 2614 Haec
348 2549 449 2632 igitur
471 2571 530 2616 oro
555 2557 601 2626 te,
630 2549 753 2614 doceas
775 2569 877 2632 quam
896 2550 1060 2632 primum!
1101 2549 1158 2616 Ad
1172 2570 1249 2636 quae
1266 2551 1332 2618 boc

238 2669 338 2716 sensu
367 2651 539 2733 respondit
560 2649 746 2714 Schellerus
771 2652 823 2715 15.
848 2651 962 2724 Martii
986 2652 1083 2720 1667.
1128 2654 1197 2719 ‘In
1218 2655 1333 2720 Gellio

237 2750 447 2816 reformando
462 2756 495 2813 te
510 2755 716 2832 occupatum
729 2771 805 2815 esse
819 2753 1045 2817 lubentissime
1058 2755 1171 2821 audio.
1194 2755 1334 2822 Scilicet

238 2855 295 2916 aut
309 2857 345 2914 tu
359 2869 434 2914 curu
453 2851 611 2915 restitues
630 2851 743 2930 uobis,
758 2862 818 2918 aut
838 2873 947 2918 nemo.
991 2855 1111 2940 ltaque
1126 2858 1170 2922 ad
1185 2857 1250 2924 hoc
1265 2863 1333 2923 tum

239 2951 403 3031 egregium
419 2950 544 3033 diuque
560 2956 761 3035 exoptatum
776 2975 905 3035 monus,
922 2975 990 3039 quo
1005 2957 1123 3022 beabis
1134 2959 1245 3023 orbem
1260 2979 1334 3023 errr-

238 3051 355 3127 ditum,
370 3053 458 3116 vires
473 3051 764 3140 valetudinemque
787 3059 845 3122 tibi
867 3077 888 3122 a
913 3059 1029 3124 diviua
1050 3061 1158 3142 gratia
1172 3077 1217 3124 ex
1230 3061 1333 3126 eorde

238 3171 365 3237 precor.
410 3153 463 3219 Do
475 3174 550 3220 meo
561 3155 676 3222 codice
691 3161 741 3225 sic
751 3161 1004 3228 hebo-breviter:
1027 3162 1194 3246 Scriptum
1209 3163 1333 3228 esseio

239 3255 441 3334 membrana,
456 3255 563 3322 literis
578 3278 642 3324 non
656 3261 913 3346 inelegantibos,
926 3263 1096 3348 viderique
1108 3271 1333 3330 trecentorum

240 3357 372 3422 circiter
392 3377 551 3423 annorum
574 3367 712 3426 aetatem
733 3364 868 3430 referre.
912 3365 953 3430 Iu
968 3365 1096 3448 pagella
1110 3369 1218 3449 prima
1231 3387 1335 3430 mem-

240 3461 406 3525 branacea
422 3461 496 3526 lraec
519 3461 685 3527 habentur
698 3466 841 3550 scripta:
865 3471 875 3502 ‘
891 3465 1055 3532 Nicotaus
1072 3467 1233 3531 Beraldus
1247 3473 1334 3532 attu-

240 3561 313 3632 lite
330 3562 486 3628 Massiiia
502 3560 567 3627 An.
588 3562 695 3629 1533!
737 3565 907 3645 Subditur,
929 3567 989 3632 sed
1012 3567 1080 3632 alia
1102 3585 1217 3630 mauu:
1241 3567 1334 3632 ‘Ex-

239 3663 365 3747 emplar
389 3663 548 3729 infidum?
591 3663 731 3731 Inversa
758 3667 846 3732 facie
869 3667 987 3752 legitur
1009 3667 1141 3732 rubrica
1160 3673 1333 3734 notatum:

241 3764 351 3830 ‘Dom
370 3765 515 3832 Joaunis
538 3766 643 3832 Lunae
661 3777 696 3832 ct
710 3769 891 3833 amicorum
907 3767 1061 3833 suorum?
1105 3767 1212 3846 Quali
1225 3768 1334 3834 rubri-

240 3883 293 3939 ca,
305 3885 369 3929 uou
384 3887 429 3932 err
443 3869 548 3933 minio
554 3869 610 3933 vel
620 3870 802 3948 cinnabari,
814 3871 874 3934 sed
885 3869 975 3953 ligno
985 3870 1180 3936 Brasiliensi
1191 3877 1335 3937 excocta

241 3975 365 4030 comet
387 3967 510 4034 Gracco
531 3973 657 4055 scripta
678 3973 745 4040 sint
768 3973 803 4035 iu
826 3971 914 4036 libro
940 3972 1028 4055 ipso,
1050 3989 1272 4057 quoecumque
1287 3973 1341 4058 ibt,

242 4069 371 4144 extant,
388 4064 430 4130 de
441 4069 573 4134 illorum
589 4077 688 4138 aetato
702 4073 819 4138 licebit
833 4071 943 4136 forsan
955 4071 1081 4156 aliquid
1093 4071 1256 4157 colligere.
1291 4073 1335 4139 lu
