3014 4724
224 213 267 279 18
606 227 737 279 unconr
760 227 943 278 sacrorn

226 379 260 438 et
280 371 521 456 posterioribus
541 371 604 434 etsi
626 383 688 453 par
710 367 925 452 Rutgersium
951 369 1131 451 indicatus,
1157 373 1257 438 etiam
1283 376 1317 440 in

225 469 417 540 contextum
431 473 625 557 adoptatus,
639 490 708 560 non
723 476 835 536 tamen
856 479 1023 556 procerte
1044 477 1077 538 et
1092 475 1205 538 stabili
1220 476 1254 539 in
1269 475 1319 541 iu-

225 577 300 641 dice
314 577 455 660 sgnitns,
472 575 515 639 ab
530 573 599 638 illis
614 574 757 638 insertus
768 579 829 653 est,
844 575 901 658 qui
915 575 1165 659 susquedeque
1179 577 1319 657 iaciunt,

224 678 305 762 qnid
322 679 390 744 liat.
435 675 523 742 Hinc
537 678 661 761 etipse
677 695 752 741 enm
767 677 896 759 expuli,
909 679 992 762 quie
1015 684 1104 743 certe
1128 699 1253 763 anceps
1268 680 1318 744 lo-

224 800 286 845 cus
300 794 364 843 est.
408 777 487 844 Hoc
502 781 591 845 scire
606 787 640 844 te
656 779 758 844 volui.
803 777 905 858 Quod
921 782 952 844 si
967 799 1011 844 ex
1025 781 1191 846 iudicibus
1207 783 1319 865 placet

222 879 350 963 aliquid
363 879 441 944 noui
465 882 628 965 accipere,
648 889 684 946 et
704 881 822 946 videns
845 883 903 966 qui
925 883 1057 965 possint
1079 885 1190 966 augeri
1213 886 1318 967 scrip·

221 989 258 1046 ts
286 979 466 1060 Veterum·
488 981 673 1048 Prousteus
704 1001 749 1048 ex
780 981 892 1049 Gellio
920 983 1044 1069 prodit.
1089 982 1141 1050 M.
1179 983 1318 1049 Valerius

223 1081 362 1147 Messala
379 1082 494 1169 Augur
519 1081 769 1148 larisa-omanus
790 1081 828 1148 de
851 1083 996 1170 auspiciis
1020 1083 1100 1149 libro
1117 1085 1221 1170 primu
1234 1103 1318 1151 xrrr.

222 1187 277 1250 15.
291 1182 371 1248 idem
387 1183 467 1248 libro
481 1183 518 1249 de
531 1185 703 1250 nainoribos
722 1184 980 1273 magistratibus:
1002 1187 1162 1253 videlicet
1176 1189 1257 1272 quia
1270 1189 1318 1253 ibi

222 1287 378 1352 scribitur
392 1286 470 1351 idem
484 1284 621 1351 Messala
636 1285 786 1352 incudem
802 1285 880 1351 libro
896 1287 933 1350 de
948 1287 1116 1352 minoribus
1124 1289 1318 1376 magistrati·

222 1389 279 1454 dur
297 1387 424 1459 scribit:
446 1409 523 1455 cum
545 1389 720 1456 antecedat
735 1391 862 1455 mentio
878 1389 955 1454 libri
971 1393 1068 1475 primi
1089 1391 1132 1455 de
1146 1391 1317 1474 auspiciis,

219 1500 253 1558 et
266 1494 300 1556 in
311 1512 353 1557 eo
368 1491 496 1575 aliquid
505 1491 613 1556 obiter
621 1492 791 1575 scripserit
802 1491 845 1556 de
857 1491 1042 1556 minoribus
1053 1493 1315 1574 magistratibus,

220 1611 391 1677 nunquam
412 1610 492 1656 veru
508 1591 551 1656 de
574 1593 627 1656 bis
646 1591 770 1657 libmm
795 1592 923 1657 iecerit.
970 1591 1060 1671 Quin
1076 1600 1111 1658 et
1124 1595 1317 1675 agnoscitur

222 1695 266 1759 eb
279 1713 321 1760 eo
338 1691 388 1756 Μ.
407 1691 565 1757 Terentius
582 1689 681 1756 Varro
693 1694 727 1759 ia
744 1695 883 1778 primore
904 1692 985 1758 libro
1003 1693 1041 1758 de
1055 1695 1174 1760 ratione
1187 1695 1316 1758 vocubu-

221 1795 321 1860 lorom
335 1797 366 1860 1.
392 1795 441 1860 18.
464 1815 542 1860 eum
564 1795 612 1860 ibi
638 1801 755 1879 pateat
777 1793 964 1861 Varronem
985 1796 1021 1860 in
1043 1801 1163 1879 quarto
1184 1797 1316 1862 decimo

220 1899 434 1964 bumauamm
459 1898 544 1963 libro
569 1897 697 1980 aliquid
717 1897 907 1982 scripsisse,
923 1903 956 1962 et
970 1897 1110 1980 quidem
1125 1899 1316 1982 inprimere

220 1999 319 2079 libro,
335 1999 428 2084 quod
450 1997 581 2065 Gellius
598 1997 733 2082 judicat
754 1999 917 2081 scriptum
934 1997 1114 2062 scitissime
1129 1998 1173 2064 de
1189 1999 1315 2064 ratione

220 2102 473 2180 uocabulorum,
486 2099 684 2185 peritissime
698 2100 740 2164 de
755 2119 820 2164 usu
833 2101 1009 2182 utriusque
1024 2099 1159 2182 linguae,
1174 2101 1316 2166 clemen-

220 2203 347 2269 tissime
362 2205 404 2269 de
417 2206 495 2287 ipso
510 2203 623 2284 AElio;
644 2223 709 2268 non
723 2207 835 2268 nutem
845 2221 968 2267 novum
979 2207 1012 2266 et
1025 2201 1225 2286 singularem
1239 2203 1315 2268 libri

220 2303 353 2369 titulum
367 2305 525 2388 proferat.

263 2404 318 2470 An
331 2423 413 2470 vero
427 2407 555 2472 selecta
568 2425 612 2470 ex
626 2407 729 2470 variis
743 2404 1014 2472 doctissimorum
1029 2405 1197 2470 bominum
1209 2405 1321 2488 scrip-¹

219 2507 267 2573 tis
281 2509 517 2574 commentaria
531 2507 599 2572 dici
618 2513 814 2583 mereantur,
838 2525 891 2571 res
912 2509 991 2591 ipsa
1015 2507 1148 2571 doceat.
1192 2505 1248 2570 An
1261 2525 1314 2570 se-

218 2613 343 2676 lectum
367 2611 404 2672 id
427 2610 550 2683 dicam,
576 2607 606 2669 si
623 2607 681 2669 ubi
696 2605 828 2671 Gellius
843 2608 962 2673 scribit
975 2607 1018 2672 de
1032 2607 1154 2690 uirgine
1171 2605 1314 2684 Vestali,

216 2711 265 2775 ibi
278 2711 406 2791 integro
416 2707 540 2790 pagina
551 2711 768 2771 consumatur
779 2695 814 2770 in
826 2707 1014 2791 colligendo
1028 2715 1062 2772 et
1073 2707 1313 2785 contrahendo,

218 2809 378 2895 quicquid
394 2807 531 2893 Lipsius
544 2809 677 2872 notavit
690 2808 732 2872 de
746 2807 881 2876 Vestal
904 2817 962 2876 aut
976 2811 1007 2874 si
1021 2809 1155 2893 quando
1169 2829 1238 2875 vox
1254 2809 1314 2874 ali·

219 2931 287 2994 qua
301 2914 336 2975 in
352 2911 466 2977 Gellio
482 2913 646 2986 occurrat,
656 2915 700 2976 -nt
716 2911 808 2975 verbi
830 2912 936 2994 gretia
962 2915 973 2945 ‘
990 2909 1117 2994 augur,’
1136 2910 1315 2976 afferantur

218 3013 330 3078 omnia
343 3013 385 3077 de
399 3011 585 3088 vocubulis,
597 3011 721 3094 quibus
738 3013 964 3076 distinxerunt
978 3013 1087 3078 uuest
1110 3013 1170 3076 ubi
1186 3011 1313 3075 Fabius

218 3113 335 3180 Pictor
355 3115 485 3192 citatur,
499 3113 687 3179 describere
714 3112 830 3178 Vossii
853 3113 1031 3178 historicos
1059 3113 1225 3180 Intinos'l
1255 3111 1314 3176 ubi

218 3215 353 3284 Gellius
362 3215 538 3300 descripsit
551 3235 596 3280 ex
612 3215 765 3280 Homero
779 3215 965 3294 Thersiten,
980 3215 1072 3300 quod
1089 3217 1174 3282 satis
1188 3221 1256 3281 erat
1269 3209 1313 3279 sd

217 3339 288 3386 rem
315 3323 525 3403 presentem,
550 3318 622 3382 illic
643 3317 766 3383 chartae
791 3317 968 3402 perdendae
990 3319 1098 3400 grstia
1119 3317 1314 3382 universum

219 3419 358 3485 Homeri
376 3419 488 3485 locum
510 3419 707 3484 subnectere
721 3437 787 3482 non
801 3418 923 3484 Graece
938 3424 1077 3497 tannim,
1100 3418 1161 3483 scd
1182 3424 1218 3482 et
1246 3415 1313 3480 Ina·

217 3521 310 3585 tinel
333 3521 390 3586 Sic
399 3519 539 3597 induite,
553 3537 597 3582 er
612 3519 733 3602 quibus
747 3537 809 3583 nec
822 3519 954 3598 Gellius
969 3517 1227 3604 adjuvaturum
1242 3515 1314 3580 lee-

216 3623 279 3686 tnri
292 3622 470 3706 quicquam
482 3620 639 3702 obtingit,
650 3619 743 3704 quod
759 3639 824 3685 non
838 3628 876 3684 ut
886 3619 1007 3685 millies
1019 3619 1178 3701 scriptum
1187 3617 1220 3678 in
1236 3614 1314 3678 aliis

215 3721 309 3788 libris
324 3724 467 3802 viderat,
482 3731 522 3788 ut
545 3725 611 3787 sint
635 3741 728 3789 mera
753 3723 942 3788 studiorum
967 3721 1164 3786 detrimenta
1184 3723 1220 3779 et
1240 3721 1314 3780 tum

217 3823 355 3903 chartae,
370 3834 438 3892 tum
453 3827 615 3911 temporis
630 3825 832 3909 deploranda
845 3823 1095 3913 παραναλῶματα.
1128 3819 1231 3884 Porro
1246 3818 1313 3883 nisi

217 3921 405 4003 Stephanus
428 3935 464 3990 et
487 3925 590 3992 Pater
616 3945 710 3990 meus
733 3925 948 4008 utplurimum
973 3925 1040 3989 tide
1060 3921 1189 3988 codicis
1213 3919 1312 4003 Regii

216 4021 425 4107 expulissent
445 4027 625 4092 editionum
647 4027 857 4110 vulgaturum
880 4029 1036 4112 ineptias,
1062 4032 1097 4088 et
1116 4025 1195 4091 hinc
1211 4025 1255 4088 ab
1270 4025 1312 4086 iis

217 4123 464 4205 discessissent,
484 4129 644 4210 quoniam
669 4129 845 4214 probanda
866 4136 937 4194 erat
958 4129 1045 4194 fides
1068 4127 1198 4193 codicis
1221 4126 1311 4192 illius
