3014 4724
410 205 459 258 ns
482 203 570 252 vrrs
595 205 642 252 nr
666 205 788 256 uanus
811 207 847 258 n.
869 207 1011 258 caneri.
1217 197 1260 262 31

160 358 193 416 et
205 349 458 416 modestissima
479 350 672 434 inscriptio,
693 369 734 415 ne
750 369 772 414 a
787 350 947 434 Scioppio
966 350 1097 437 quidem
1113 359 1174 420 aut
1189 353 1258 421 Ln-

160 453 285 518 dovieo
307 451 423 530 Vires,
446 453 566 518 aliisve
589 451 693 518 Gellii
715 453 992 517 obtrectatoribus
1012 455 1180 534 infestata,
1202 476 1258 522 ne-

162 555 236 618 scio
249 553 304 636 qui
320 553 538 620 commoverit
559 551 681 616 Virum
698 553 936 632 clarissimum,
958 553 1159 622 Micbablem
1174 558 1258 624 Lili-

160 655 349 734 eutlralinm,
364 661 401 720 nt
415 656 468 720 bie
483 655 518 720 in
533 653 676 720 Selectis
697 644 882 719 Historicis
895 661 930 719 et
945 653 1113 740 Literariis
1128 658 1252 724 Obser-

160 767 228 822 vat.
242 774 311 823 vrr.
338 759 434 842 §xa
457 776 491 839 p.
505 757 583 820 204.
607 755 695 821 banc
718 757 914 822 sententiam
938 775 1056 840 parum
1077 759 1255 842 propitiam

159 859 374 942 pronuntiet:
397 862 408 892 ⁴
424 855 577 921 Vellicat
591 857 768 939 quaesitam
779 857 951 922 titulorum
962 858 1203 924 obscuritatem
1218 879 1257 926 ac

160 961 413 1042 ambiguitatem
425 960 560 1022 Aucus
570 955 754 1036 datarus,
768 958 844 1042 ipse
859 959 903 1022 ob
912 959 1166 1042 inscriptionem
1178 978 1258 1042 opo-

157 1063 205 1126 ris
220 1062 275 1126 sui
290 1059 379 1126 satis
392 1060 570 1125 obscuram
589 1057 802 1138 vellicandus,
813 1064 848 1125 et
862 1062 984 1126 acerbo
1005 1061 1076 1125 sale
1096 1059 1259 1126 defrican-

158 1161 243 1228 dns!
289 1160 364 1243 Ego
378 1179 466 1238 amo,
480 1179 576 1243 quarn
591 1159 656 1238 Tu,
667 1159 714 1226 V.
723 1159 763 1225 C.
778 1161 1055 1245 ‘inscriptionem
1070 1161 1266 1226 obscuram'

159 1281 278 1342 vocas,
291 1261 440 1328 modeste
454 1267 488 1325 et
507 1262 598 1326 bona
619 1281 699 1326 curn
721 1261 820 1326 venia
843 1269 906 1327 tna
928 1263 1139 1346 interpretor,
1165 1267 1258 1328 ‘non

160 1366 248 1431 satis
263 1365 421 1430 illustrem
440 1370 475 1428 et
496 1381 558 1446 pro
581 1362 744 1446 dignitate
765 1363 966 1452 πολυϊστοςίας
987 1363 1153 1431 Gellianar
1167 1385 1259 1446 mag·

159 1463 315 1532 uilicum?
357 1465 427 1531 Sed
443 1464 678 1530 reclamantem
690 1471 723 1529 te
731 1465 848 1532 audire
859 1467 939 1531 mibi
950 1466 1090 1532 videor:
1113 1467 1259 1544 desinas,

160 1569 280 1632 amabo
295 1573 348 1632 tc:
373 1566 560 1650 periculum
583 1566 720 1632 invidiae
743 1568 802 1632 tibi
818 1570 881 1633 erit
895 1589 916 1634 a
930 1569 1069 1634 summis
1086 1567 1193 1648 Viris,
1210 1569 1257 1633 Η.

161 1668 342 1752 Stephano,
358 1667 475 1734 Curtio
497 1667 702 1748 Lancilotto,
725 1669 783 1734 Jo.
806 1669 958 1748 Fecbtio,
982 1671 1257 1756 quamplurimis

161 1769 247 1849 aliis,
261 1773 320 1854 qni
334 1771 491 1854 exemplo
505 1769 609 1836 Gellii
625 1769 739 1856 Opera
751 1792 814 1838 sua
828 1771 997 1836 ‘Noctes’
1011 1775 1257 1856 inscripserunt,

159 1871 214 1936 bic
237 1869 462 1952 ‘Parisinus'
484 1871 541 1936 ille
565 1871 788 1951 ‘Romanas'
814 1873 879 1937 iste
901 1870 1161 1948 ‘Christianus’
1196 1871 1256 1936 alii

160 1973 268 2053 aliter,
283 1974 332 2038 ati
350 1974 424 2058 jam
449 1975 580 2041 nomvit
601 1973 654 2040 ct.
672 1975 848 2040 Fabricius
873 1968 1257 2039 mutuabimur

159 2097 194 2162 p.
208 2078 286 2142 509.
301 2083 336 2142 et
348 2073 488 2140 Votum.
500 2090 556 2138 ιιι.
571 2095 606 2158 p.
619 2076 652 2138 4.
667 2077 787 2156 quibus
802 2073 907 2138 addas
922 2056 1003 2138 ‘viri
1027 2070 1081 2136 cl.
1098 2071 1153 2137 Jo.
1168 2071 1257 2136 Frid.

160 2177 301 2244 Christii
314 2180 325 2212 ‘
338 2173 467 2240 Noctes
480 2172 729 2248 sescentas:
743 2175 848 2239 editus
868 2173 1082 2238 Halee1727.
1096 2173 1127 2238 8.
1172 2171 1258 2239 Mihi

158 2277 313 2364 proiecto
327 2275 438 2353 valde,
454 2273 572 2352 iatcor,
587 2271 767 2338 Gellianus
788 2274 852 2340 iste
874 2273 992 2338 titulus
1014 2273 1135 2357 placet,
1156 2273 1257 2340 sicuti

162 2379 332 2465 qnondam
359 2377 537 2444 Hadriano
559 2373 678 2452 iunio,
698 2375 769 2458 qui,
800 2372 936 2439 ‘Aulus
958 2373 1112 2455 Gellius,’
1137 2377 1257 2460 inquit,

162 2484 313 2567 ‘scripta
337 2499 402 2546 sna
425 2479 555 2545 Noctes
577 2476 713 2544 Atticas
742 2477 895 2542 vomuit:
924 2477 1070 2560 glorioso
1087 2485 1258 2542 nocturnae

163 2585 397 2652 lucubrationis
425 2576 642 2665 argumento?
683 2576 763 2642 Vid.
792 2577 928 2643 Blount
959 2576 1099 2642 Censur.
1125 2575 1258 2641 Celebr.

163 2685 300 2754 Auctor.
317 2707 352 2769 p.
377 2684 452 2750 146.
497 2681 629 2758 Placet,
652 2678 800 2762 inquam,
826 2680 907 2762 quia
920 2679 1068 2744 nativam
1090 2677 1257 2760 quandam
1330 2721 1337 2730 ·

163 2785 399 2868 ingenuitatem
420 2782 566 2868 praefert,
591 2779 813 2864 Auctorisque
835 2778 1034 2845 modestiam
1048 2780 1151 2844 tacite
1166 2799 1257 2845 com·

164 2883 313 2964 mandat,
335 2885 365 2948 si
386 2883 441 2950 bic
464 2883 516 2948 vel
538 2899 707 2965 nunquam
732 2881 942 2965 scripsisset:
979 2880 1084 2946 ‘Nos
1106 2901 1197 2961 vero,
1219 2887 1256 2948 ut

163 2993 282 3071 captus
295 2993 409 3052 noster
421 2989 486 3062 est,
502 2983 669 3048 incuriose
693 2987 727 3048 et
747 2981 956 3048 immeditate
978 3001 1019 3048 ac
1035 3001 1138 3067 prope
1151 2984 1255 3048 etiam

164 3089 350 3156 subrustico
379 3107 424 3152 ex
444 3088 521 3169 ipso
543 3085 620 3150 loco
642 3101 684 3150 ac
704 3087 852 3168 tompore
872 3081 1092 3166 hybernarum
1114 3083 1254 3167 Vigilia-

164 3207 251 3266 rum,
261 3187 429 3253 daurons
444 3186 609 3265 Noorus,
621 3184 865 3269 inscripsimus,
875 3190 999 3249 tantum
1011 3187 1131 3251 ceteris
1146 3185 1255 3248 omni·

164 3293 230 3358 bus
244 3291 277 3356 in
292 3289 400 3373 ipsius
414 3305 549 3371 quoque
561 3285 787 3370 inscriptionis
796 3281 897 3348 lande
912 3284 1080 3364 cedentes,
1094 3290 1256 3368 quantum

163 3395 332 3460 cessimus
347 3391 382 3454 in
395 3407 475 3453 cura
486 3393 521 3452 et
534 3387 696 3470 elegantia
710 3383 923 3471 scriptionis.'

206 3495 362 3578 Denique
377 3511 451 3558 curn
465 3488 598 3556 Gellius
612 3487 847 3555 Praetutianum
861 3505 956 3554 snam
971 3487 1024 3552 bis
1038 3483 1152 3550 verbis
1165 3483 1256 3549 clau·

163 3599 230 3664 dit:
261 3601 272 3632 ‘
286 3595 414 3679 Capita
428 3611 545 3671 mum,
568 3609 645 3675 qum
666 3592 789 3676 cuique
804 3589 1044 3656 commentario
1059 3587 1182 3662 insunt,
1197 3604 1256 3650 ex·

163 3699 338 3784 posuimus
349 3697 403 3763 bic
413 3697 579 3772 universe,
588 3701 627 3759 ut
636 3693 709 3780 jam
719 3692 834 3758 statim
846 3691 1041 3762 declaretur,
1052 3685 1133 3768 quid
1145 3703 1256 3769 quove

163 3803 198 3866 in
211 3801 296 3868 libro
312 3801 417 3885 quaeri
437 3797 644 3880 invenirique
670 3795 780 3880 possit
790 3791 811 3872 3’
843 3793 949 3874 quaeri
962 3810 984 3856 ι
998 3787 1136 3854 Criticis
1150 3785 1256 3854 solere

163 3903 310 3980 uramini,
335 3903 478 3980 (istane,
493 3919 572 3986 qum
595 3897 695 3963 bodie
717 3897 899 3978 supersunt
912 3891 1069 3973 Cupitum
1085 3887 1255 3954 Gelliano-

162 4023 234 4069 rnm
251 4003 453 4082 baunari,
465 4001 615 4068 Gellium
629 4001 740 4082 ipsum
755 3999 925 4061 auctorem
940 3991 1095 4070 babeant,
1113 4009 1188 4060 ana
1203 4011 1255 4056 re-
