3014 4724
234 248 278 315 58
618 256 740 306 INDEX
764 253 943 308 tinctitiis.

268 408 293 456 t.
309 403 349 454 Ea
358 397 638 464 Aristotelislihro,qni
648 398 701 463 aspi
709 401 752 458 nis
767 399 857 462 orions
867 401 1006 464 inscriptus
1017 407 1068 464 est,
1079 403 1185 467 cognita
1196 411 1314 469 accepta·

235 497 286 549 que
301 483 437 532 denatura
447 489 475 530 et
485 481 575 531 habitu
586 483 733 532 memorius:
751 489 827 547 atque
838 479 901 530 inibi
912 481 962 531 alia
973 482 1135 546 quartando
1149 484 1318 536 exuberantia

235 570 279 614 aut
289 563 394 614 interitu
405 563 460 627 ejus
469 563 540 612 lecta
551 560 701 626 audituque.

263 648 289 694 8.
304 643 374 696 Quid
386 643 447 692 mihi
459 657 505 692 usn
514 642 616 694 venerit
626 643 793 706 interpretari
804 643 910 708 etqsasi
922 641 1045 708 effingere
1058 643 1154 694 solenti
1164 643 1235 694 locos
1244 658 1319 709 quos·

233 725 292 776 dam
303 724 454 774 Platonicos
464 724 555 774 Latina
565 723 689 774 oratione.

266 810 291 856 0.
309 802 386 857 Quod
402 803 593 866 Theophrastus
611 803 784 866 philosophus,
802 803 915 852 omnium
934 817 986 853 suae
1007 803 1093 854 aetatis
1111 803 1317 870 facundissimus,

168 946 170 952 Ι
231 884 312 937 verm
329 897 413 948 panca
432 883 465 933 sd
477 884 598 948 populum
610 881 796 933 Atheniensem
807 882 935 944 facturus,
945 883 1096 936 deturbatos
1107 887 1262 936 verecundia
1271 888 1317 938 ob·

232 963 470 1031 ticuerit,qnodque
481 964 602 1015 idemhoc
612 965 780 1016 Demostheni
790 965 860 1028 apud
868 964 1017 1028 Philippum
1026 979 1112 1030 regem
1121 966 1198 1018 rerba
1209 965 1315 1018 hoienu

233 1045 359 1096 creuerit.

246 1129 305 1175 01⁰.
321 1125 410 1177 Qualis
427 1125 488 1174 mihi
504 1123 583 1174 fuerit
601 1124 627 1173 in
645 1122 742 1188 oppldo
759 1123 882 1175 Eleusine
898 1124 1124 1189 disceptationum
1145 1125 1312 1190 grammatico

232 1205 345 1272 quodam,
360 1205 531 1270 praetigium,
545 1209 661 1268 ternpore
676 1205 810 1255 verborum
822 1212 850 1254 et
861 1205 1046 1256 meditamenta
1058 1207 1165 1270 puerilia
1175 1208 1318 1270 ignorante,

230 1293 387 1336 remotarum
400 1294 485 1338 aotem
496 1285 664 1351 questionum
675 1284 783 1335 uebnias
793 1291 822 1336 et
833 1282 982 1336 formidines
993 1285 1127 1350 capiendis
1138 1287 1315 1352 imperitorum

232 1367 323 1417 animis
332 1373 489 1418 ostentante.

262 1451 303 1498 ii.
321 1448 403 1499 Quam
414 1445 508 1497 festive
521 1444 682 1508 responderit
693 1444 850 1510 Xanthippae
862 1445 937 1494 uxori
953 1445 1074 1496 Socrates
1091 1445 1202 1509 petenti,
1218 1452 1249 1496 ot
1269 1461 1316 1510 per

231 1527 356 1592 Dionysia
367 1527 477 1590 largiore
488 1533 570 1578 samin
582 1526 744 1576 coeuitarent.

263 1610 303 1656 ia.
320 1606 389 1658 Quid
400 1605 528 1670 significet
538 1606 565 1655 io
577 1605 701 1656 Veterum
712 1604 784 1656 libris
794 1605 927 1670 scripturn,
937 1605 1070 1672 ‘plerique
1081 1619 1168 1656 omnes
1177 1605 1194 1656 ι’
1209 1611 1237 1656 ei
1245 1605 1313 1672 quod

230 1701 262 1738 ea
271 1687 349 1738 rerba
359 1693 469 1752 accepta
479 1702 494 1737 a
504 1687 604 1738 Grecis
614 1685 744 1737 videntur.

263 1771 303 1817 it.
319 1767 506 1832 ‘Qnopsoues‚'
524 1767 593 1832 quod
610 1767 724 1818 homines
743 1765 802 1817 Afri
813 1765 913 1830 dicunt,
924 1779 974 1816 nou
984 1779 1040 1816 esse
1052 1765 1158 1816 verbnm
1170 1765 1314 1830 Poenicum,

229 1847 275 1898 sed
291 1845 421 1899 Grmmn.

262 1931 303 1978 li.
322 1925 491 1991 lepidissima
509 1925 646 1976 altercatio
664 1925 783 1976 Favorini
795 1925 940 1992 philosophi
950 1925 1074 1976 adsersus
1085 1925 1213 1991 quendam
1222 1925 1315 1978 intem·

229 2008 358 2074 pertisum
368 2007 401 2058 de
412 2006 579 2071 ambignitate
591 2007 727 2058 verborum
741 2007 908 2058 disserentem
919 2024 926 2058 r
943 2013 1021 2072 atque
1032 2006 1097 2058 inihi
1106 2006 1185 2057 rerba
1196 2006 1315 2071 quadarn

231 2105 265 2140 es
276 2089 369 2140 llario
380 2087 457 2153 polita
466 2096 494 2138 et
505 2089 553 2139 Cn.
565 2087 651 2138 Gellio
662 2103 711 2138 oon
723 2090 819 2140 usitate
831 2089 968 2153 collocata,
979 2094 1057 2153 atque
1068 2087 1162 2138 ibidem
1173 2101 1189 2138 a
1201 2089 1233 2138 P.
1242 2087 1315 2152 Nigi-

234 2169 278 2220 dio
287 2170 401 2234 orlgines
410 2167 588 2220 vocabulorum
600 2167 752 2232 explorate.

261 2253 301 2299 it.
317 2249 417 2302 onibus
428 2247 510 2298 modis
521 2246 701 2312 ignominiatus
713 2252 891 2312 mactaturque
898 2247 933 2299 sit
942 2263 958 2298 a
967 2249 998 2300 G.
1006 2248 1110 2299 Caesare
1121 2247 1246 2299 Laberius
1253 2247 1315 2312 pod-

230 2335 271 2380 ia:
289 2334 368 2393 atque
378 2327 443 2378 inibi
454 2328 569 2394 appositi
580 2342 668 2379 versus
680 2341 759 2394 snper
768 2329 860 2379 eadem
871 2343 900 2378 re
911 2329 1026 2395 ejusdem
1037 2328 1148 2379 Laberii.

490 2489 500 2510 ⁹
566 2491 962 2544 Cemmesimloaonultaees'astral.

261 2625 285 2671 1.
299 2620 472 2673 Quamobrem
484 2620 649 2674 molendina
660 2619 845 2684 Quadrigarius
856 2619 883 2668 in
894 2617 1084 2668 undevicesimo
1102 2617 1186 2668 musii
1202 2615 1311 2680 scripse·

228 2700 265 2750 rit
284 2701 407 2751 rectiores
425 2701 600 2764 certioresque
618 2701 685 2751 ictos
701 2700 768 2764 fieri,
786 2701 918 2750 siaursuna
929 2697 990 2764 quid
1001 2697 1100 2761 mittas,
1117 2711 1194 2762 quam
1205 2696 1227 2747 si
1238 2695 1312 2746 deor·

227 2793 293 2830 sum.

259 2864 283 2909 a.
301 2859 401 2912 ouibus
412 2857 495 2908 uerbis
505 2859 602 2909 notarit
611 2859 730 2912 Herodes
738 2860 841 2912 Atticus
852 2857 916 2910 laiso
926 2857 1072 2924 quempiam
1082 2856 1155 2908 eultu
1166 2856 1313 2922 amictuque

229 2950 321 2987 nomeu
332 2937 496 3002 habitumque
507 2938 650 3005 philosophi
659 2941 853 2991 assentientem.

258 3018 284 3065 a.
301 3017 420 3081 Epistola
438 3017 554 3082 Philippi
573 3019 641 3084 regis
660 3019 693 3070 ad
709 3019 878 3070 Aristotelem
889 3016 1067 3082 philosophum
1077 3029 1155 3081 super
1165 3013 1313 3066 Alexandro

228 3103 394 3148 noensmto.

258 3183 284 3229 t.
301 3175 340 3226 lle
351 3175 519 3228 barbararum
529 3179 645 3242 gentium
656 3161 808 3245 prodigiosis
819 3177 958 3241 miraealls,
968 3177 1052 3244 deque
1071 3176 1135 3228 diris
1153 3183 1181 3228 et
1200 3177 1312 3228 exitiosis

224 3257 452 3310 fascinationibus:
469 3264 548 3324 atque
560 3260 621 3310 inibi
631 3259 664 3310 de
674 3259 784 3310 foemiois
795 3266 904 3323 repente
916 3258 996 3309 serris
1007 3259 1033 3308 in
1043 3273 1136 3311 mares.

256 3345 282 3392 δ.
298 3339 764 3405 Diversanobillumphilosophorum
783 3340 920 3392 sententia
940 3338 974 3390 de
996 3353 1093 3404 genere
1110 3355 1141 3390 ac
1158 3346 1250 3391 natura
1269 3352 1311 3386 ro·

223 3421 352 3486 luptatis:
373 3420 502 3486 verbaque
514 3421 644 3472 Hieroclis
654 3419 809 3485 philosophi,
826 3421 919 3486 qulbus
930 3419 1039 3472 decreta
1048 3421 1154 3485 Epicuri
1171 3421 1312 3472 insectatus

223 3507 274 3552 eti.

257 3585 282 3631 d.
301 3581 501 3647 Verbum,quod
513 3587 556 3632 est
566 3579 600 3631 ab
615 3577 695 3644 ‘ago’
710 3577 940 3646 frequentativam,
957 3581 984 3632 in
995 3580 1079 3646 prims
1088 3579 1187 3644 syllaba
1200 3589 1310 3644 quonam

225 3663 259 3714 sit
268 3662 371 3714 modulo
382 3661 607 3727 pronuntiandum.

253 3747 279 3793 t.
295 3743 336 3792 De
348 3743 516 3794 conversione
525 3740 779 3792 folioruminarhore
789 3739 972 3806 olen,brumali
980 3747 1008 3792 et
1017 3738 1147 3792 solstitiali
1155 3736 1213 3800 die;
1224 3736 1310 3804 deque

222 3820 315 3870 fidibus
326 3822 353 3871 id
366 3823 488 3888 temporis
500 3824 555 3874 icto
565 3823 648 3874 alieno
660 3823 816 3897 sonantibus.

253 3903 280 3948 8.
298 3901 442 3954 Necessum
453 3919 520 3968 esse,
529 3905 573 3970 qui
585 3903 777 3968 moitahabeat,
786 3903 878 3970 multis
887 3903 1022 3969 indigeret
1041 3900 1125 3965 deque
1142 3911 1175 3950 ea
1189 3912 1219 3948 se
1229 3899 1312 3952 Faro-

224 3979 272 4032 rioi
285 3977 429 4044 philosophi
438 3998 495 4034 cum
506 3985 636 4036 breuitate
646 3986 759 4050 eleganti
766 3985 907 4042 sententia.

259 4061 284 4108 9.
302 4055 366 4107 Quis
378 4060 468 4112 modus
480 4064 514 4114 sit
526 4063 603 4114 rerha
619 4066 736 4117 vertendi
747 4067 774 4118 iu
786 4064 895 4121 Graecas
904 4063 1057 4127 sententias,
1067 4061 1153 4130 deque
1164 4059 1196 4112 iis
1208 4059 1314 4112 liomeri
