3014 4724
425 224 473 273 nn
497 219 585 270 vrrs
610 221 655 270 ar
680 221 800 273 naeus
825 225 859 273 s.
882 223 1027 274 ernau.
1229 211 1271 276 29

180 387 209 432 c.
221 363 274 450 2.)
315 360 474 430 Taurum
492 373 644 431 sectatus
668 363 713 449 (ι.
727 365 781 430 36.
805 383 856 428 vr.
870 367 923 430 10.
944 373 976 432 et
991 367 1221 452 xv11.8.20.)
1240 375 1273 435 et

180 467 403 549 Peregrinum,
418 468 460 532 ad
482 488 581 552 quem
596 466 781 550 frequenter
795 468 991 530 ventitavit:
1012 467 1102 552 (xri.
1118 468 1187 554 11.)
1201 470 1272 534 Hic

182 569 344 634 conviviis
365 569 610 652 philosophicis
632 575 666 632 et
685 567 912 631 saturnalibus
925 567 1078 632 litorariis
1093 573 1209 636 crebro
1222 569 1272 636 in·

181 670 311 735 terluit:
332 670 402 756 (vr.
418 672 471 734 13.
489 689 556 736 xv.
571 671 605 736 2.
622 686 735 735 xvrrr.
751 669 785 734 ⁶2.
801 673 836 732 ct
850 665 921 752 13.)
964 667 1035 732 Hic
1049 688 1093 732 ex
1105 673 1197 737 vario
1212 694 1272 738 au-

180 769 343 836 ditionnm
357 773 605 856 lectionumquc
627 776 786 856 proventu
808 769 938 835 Noctes
952 789 1032 834 suas
1047 772 1187 836 condere
1202 795 1271 840 coe·

179 872 238 954 pit.
251 871 338 958 (vid.
353 873 493 938 Praelat.
509 873 609 938 Noct.
625 872 744 957 Attio.)
768 873 882 950 Brevi,
904 869 1048 936 Athenis
1065 877 1098 936 et
1112 891 1189 938 cum
1203 896 1273 944 eru-

179 971 262 1040 ditis
278 973 543 1040 Atheniensibus
558 976 609 1041 ita
623 986 771 1041 versatus
787 979 842 1040 est
867 973 1001 1040 Gellius
1021 993 1125 1052 mens,
1148 979 1274 1042 utente

179 1073 299 1137 oculos
313 1093 482 1159 nunquam
496 1095 563 1140 non
585 1077 741 1143 habuisse
754 1077 908 1142 videatur
920 1074 1277 1160 praeceptumCicero-

180 1173 236 1236 nis
251 1174 295 1238 ad
308 1173 457 1239 Marcum
473 1176 577 1242 lilium
592 1179 626 1242 in
642 1179 814 1243 Prooemio
829 1179 851 1242 l.
869 1194 926 1242 ιιι.
942 1177 984 1242 de
1001 1175 1151 1241 Officiis:
1169 1175 1275 1243 ‘Sus-

182 1275 303 1358 cepisti
318 1295 405 1340 onus
419 1295 518 1358 grave
530 1287 565 1344 et
581 1278 784 1345 Athenarum
800 1284 835 1343 et
850 1277 1027 1362 Cratippi:
1050 1275 1094 1342 ad
1105 1297 1275 1360 quoscum

181 1381 337 1460 tanquam
366 1379 408 1442 ad
437 1389 652 1448 mercaturam
681 1382 840 1446 bonarum
869 1382 986 1444 artium
1016 1381 1064 1444 sis
1090 1379 1276 1464 profectus,

180 1477 309 1542 inanem
332 1480 435 1544 redire
449 1483 676 1565 turpissimum
691 1491 754 1560 est,
770 1481 1020 1548 dedecorantem
1037 1487 1071 1546 et
1089 1483 1183 1546 urhis
1197 1501 1276 1546 auc·

181 1579 347 1644 toritatem
363 1587 398 1646 et
410 1584 574 1664 magistri.
618 1581 734 1661 Quare
757 1589 917 1666 quantum
940 1584 1067 1649 conniti
1086 1585 1198 1649 animo
1213 1604 1275 1667 po·

181 1683 243 1758 tes,
266 1689 424 1764 quantum
439 1683 555 1750 labore
570 1685 783 1763 contendero,
805 1685 850 1762 (si
865 1685 1016 1750 discendi
1030 1685 1125 1750 labor
1145 1693 1200 1750 est
1214 1707 1276 1770 po·

181 1781 247 1845 tius
262 1801 361 1865 quam
376 1785 564 1867 voluptas)
585 1791 716 1851 tantum
737 1787 805 1864 lac,
828 1793 863 1850 ut
878 1785 1025 1850 efficias?
1068 1787 1185 1868 Atque
1200 1787 1285 1868 baec¹

183 1881 225 1946 de
248 1887 411 1968 praeclara
433 1885 535 1953 Gellii
563 1891 668 1954 nostri
691 1887 955 1973 peregrinatione
977 1887 1104 1950 dixisse
1119 1885 1275 1964 sufficiat,

182 2003 281 2066 quam
305 1994 382 2052 ante
398 2006 419 2051 a
433 2006 487 2052 me
501 1989 680 2072 praedicari
695 1989 826 2054 memini
841 1989 877 2051 in
896 1985 982 2051 ldea
1004 1985 1168 2057 Historias
1190 1984 1278 2050 Lite·

179 2086 278 2150 rariae
295 2085 441 2164 Roman.
457 2089 579 2169 pauc.

225 2187 326 2269 §vra
349 2186 476 2253 Redux
503 2189 538 2251 in
566 2191 713 2270 patriam
735 2209 803 2254 non
824 2191 974 2273 privatus
995 2189 1030 2252 in
1053 2189 1124 2252 otio
1146 2193 1277 2254 aetatem

181 2287 300 2370 procul
315 2285 536 2372 alRepublica
550 2289 679 2368 hahuit,
693 2290 772 2375 quin
784 2291 900 2374 potius
912 2291 1163 2376 pulcherrimum
1177 2299 1278 2375 puta·

182 2388 232 2452 vit
253 2387 296 2452 ad
322 2391 581 2456 emolumentum
604 2411 780 2456 commune
801 2393 893 2457 domi
916 2391 1040 2470 afferre,
1062 2391 1152 2476 quod
1180 2400 1277 2459 tanto

182 2487 263 2554 loris
278 2509 378 2574 opere
393 2493 650 2578 conquisiverat.
696 2492 774 2557 Fuit
795 2497 909 2558 autem
928 2493 1206 2576 occupatissimus
1220 2513 1278 2558 ne·

182 2591 281 2674 gutiis
310 2593 481 2672 civilibus,
511 2595 661 2660 maxime
690 2593 890 2672 forensibus,
920 2593 1011 2658 unde
1033 2601 1069 2658 ct
1091 2594 1215 2658 ‘otium
1241 2615 1278 2660 se

182 2690 282 2758 furari
294 2691 302 2718 ’
316 2697 364 2760 ait
377 2697 411 2760 in
427 2697 638 2764 Prtelatione.
654 2697 743 2763 conf.
757 2699 779 2762 l.
797 2713 879 2762 xvi.
893 2717 923 2762 c.
939 2697 991 2762 10.
1006 2697 1110 2779 princ.
1142 2695 1279 2764 Scilicet

185 2793 402 2860 ‘adolescens
417 2799 657 2865 aPraetorihus
670 2801 782 2864 lectus
796 2805 848 2864 est
861 2800 896 2863 in
917 2798 1063 2884 judices,
1083 2803 1120 2862 ut
1135 2797 1278 2882 judicia,

184 2912 260 2977 qum
269 2897 476 2979 appellantur
486 2902 629 2983 privata,
645 2899 854 2985 susciperet!
869 2919 903 2964 v.
915 2915 997 2964 xlv.
1009 2899 1041 2963 2.
1053 2899 1158 2982 princ.
1174 2899 1278 2964 Porro

108 3009 116 3018 ·
184 2999 226 3060 ‘a
241 2995 447 3064 Consulibus
458 3001 609 3085 judicem
624 3009 721 3068 extra
736 3001 885 3066 ordinem
901 2998 1033 3064 datum’
1051 3018 1088 3063 se
1102 3008 1276 3079 memorat,

183 3099 206 3162 1.
222 3115 292 3162 xri.
309 3121 338 3164 c.
354 3102 406 3166 13.
430 3113 466 3167 et
491 3104 672 3170 ‘arbitriis'
692 3103 887 3179 districtum,
903 3103 925 3166 l.
942 3117 997 3165 ιιι.
1010 3119 1040 3166 c.
1052 3101 1085 3166 3.
1107 3101 1187 3180 Quo
1202 3104 1277 3185 qui-

185 3197 262 3262 dem
290 3199 398 3266 officio
420 3223 519 3285 quam
548 3211 659 3270 sancte
681 3208 843 3286 casteque
869 3202 1004 3266 iunctus
1025 3202 1135 3278 luerit,
1155 3202 1278 3266 nemini

185 3297 326 3363 dubium
340 3319 415 3366 esse
428 3310 550 3385 potest,
570 3305 626 3387 qui
640 3305 717 3369 libri
733 3319 814 3368 xlv.
838 3307 940 3386 caput
954 3303 1138 3368 secundum
1152 3301 1193 3362 de
1208 3317 1277 3366 am·

183 3399 286 3484 bigua
315 3401 375 3466 lite
404 3405 597 3487 pecuniaria
624 3407 710 3471 inter
734 3405 832 3484 duos,
855 3405 992 3469 alterurn
1015 3403 1178 3486 spectatae
1200 3397 1279 3464 lidei

183 3501 364 3582 homiuem,
380 3505 517 3570 alterum
532 3505 742 3590 perfidiarum
753 3507 972 3590 fraudumque
983 3505 1131 3588 plenum,
1140 3519 1277 3584 perpen-

184 3603 280 3670 derit.
303 3605 402 3672 Cous.
417 3608 498 3674 ibid.
514 3609 585 3674 cd.

227 3707 244 3791 §
263 3723 345 3772 vm.
369 3709 477 3794 Pergo
490 3711 533 3776 ad
546 3711 683 3795 Scripta
697 3709 814 3786 Gellii,
829 3725 906 3790 quae
916 3705 959 3770 ad
972 3723 1035 3768 uos
1049 3707 1277 3787 pervenerunt,

147 3845 152 3856 ·
186 3805 384 3876 ‘Volumina
396 3810 714 3878 Commentariorum
725 3805 999 3890 Viginti2’quem
1008 3819 1177 3868 numerum
1190 3797 1277 3867 Auc-

188 3909 292 3974 turin
313 3911 516 3981 Praelatione
538 3933 674 3999 quoquc
696 3911 822 3986 delinit,
845 3923 1036 3990 quanquam
1055 3904 1152 3989 plura
1173 3905 1215 3968 ab
1236 3919 1277 3968 eo

171 4009 304 4088 ,relicta
326 4013 428 4082 luisse
452 4017 602 4081 dubitare
624 4033 687 4080 nos
707 4031 774 4076 non
797 4010 910 4076 sinunt
931 4006 1032 4074 verba
1054 4007 1181 4084 Nostri,
1199 4025 1276 4089 quw
