3014 4724
548 243 673 296 runnu
697 245 877 299 caninum.
1212 236 1255 302 nil

167 391 291 454 reraibna,
302 405 364 458 quoa
374 387 497 456 iirgiiiue
507 390 620 440 reatinae
631 395 676 440 ant
687 389 755 440 bene
767 395 879 453 apteque
888 395 933 440 aut
947 390 1106 458 improspere
1120 393 1253 444 cxiatinnr·

169 477 330 604 m:tfftiluud
342 550 458 602 Annene
477 551 609 602 cornutae
621 564 710 601 reraua
730 549 844 614 Virgilii,
861 547 953 614 quibua
970 550 1079 602 Veneria
1097 560 1125 604 et
1140 555 1253 606 Vulceui

169 631 325 682 concubitum
337 633 432 697 pudice
443 637 587 696 operteque
603 631 679 695 dixit,
698 629 900 696 reprehenaione
918 643 1012 694 epurca
1030 639 1058 683 ct
1073 633 1251 701 odioealnqoi·

169 717 291 842 ³¹:13⁶
299 792 405 842 Valerio
416 791 545 842 corvino:
563 797 591 841 et
602 791 669 841 uude
683 790 819 842 corcione.

197 876 235 922 ll.
253 873 297 922 De
307 872 403 936 verbio,
412 886 471 938 qum
481 871 507 920 in
518 877 763 936 utramquepartem
774 869 964 936 significatione
972 872 1141 935 reciprocaet
1148 872 1254 925 adram

165 948 344 1080 dlfftzrerba
354 1042 388 1078 ex
395 1028 504 1078 iriatnrie
514 1029 615 1080 Claudii
632 1031 803 1095 Quadrigarii,
814 1030 906 1096 quibua
917 1032 1008 1082 Manlii
1021 1032 1148 1097 Torquati
1164 1029 1255 1081 nobilia

164 1106 341 1158 adoleacentia
351 1114 381 1158 et
389 1107 468 1160 boetia
479 1109 548 1160 Galli
558 1113 734 1175 provocatoria
746 1127 857 1177 pugnam
869 1111 995 1177 depinxit.

196 1193 238 1238 lt.
256 1188 333 1241 Quod
351 1187 419 1239 idem
438 1190 629 1257 Quadrigarius,
646 1193 741 1257 ‘hujus
759 1191 859 1251 faciea‚'
876 1192 962 1257 patrio
980 1207 1042 1243 caan
1059 1192 1140 1257 proba
1159 1197 1187 1242 et
1203 1192 1264 1242 lm·

166 1269 221 1362 tine
238 1268 319 1332 dlait;
335 1275 363 1320 et
380 1267 498 1334 quadem
514 1271 565 1322 elia
582 1273 703 1338 apposita
724 1272 757 1322 de
778 1271 897 1322 cimilinnn
915 1272 1098 1323 vocabulorum
1117 1271 1254 1322 declinati·

165 1347 296 1478 oiissiwik
307 1443 400 1491 genere
410 1429 606 1492 controversia,
618 1429 687 1496 quod
698 1430 792 1481 Graece
803 1430 891 1495 ἄπορον
900 1433 1054 1498 appellatur.

197 1514 237 1560 ltl.
254 1510 330 1562 Quod
340 1511 452 1561 Plinium
462 1510 618 1572 secuudum,
629 1511 756 1561 hominem
773 1525 825 1562 non
839 1511 980 1578 inductum,
991 1512 1089 1579 fugerit
1099 1513 1254 1579 latueritque

163 1588 251 1640 vitium
262 1591 418 1656 argumenti,
426 1591 494 1656 quod
502 1589 658 1656 drrmpioor
672 1592 760 1642 Greci
770 1591 871 1644 dicunt.

503 1770 676 1820 comatoria
686 1769 776 1819 tedae
785 1769 836 1819 ἧσο
845 1770 933 1819 imma.

199 1899 222 1946 1.
237 1885 405 1948 ‘Te'rtinrune
428 1896 541 1960 Conaui,'
562 1911 595 1946 an
614 1898 694 1960 tenio,
713 1895 766 1947 dici
784 1902 922 1960 oporteat3
939 1903 968 1946 et
985 1910 1094 1960 quonam
1110 1895 1188 1946 ruodo
1209 1895 1259 1944 Cu.

162 1975 314 2040 Pompeiua,
330 1991 390 2027 cunr
405 1977 431 2026 lu
446 1977 558 2041 theatro,
567 1977 635 2042 quod
645 1984 702 2028 eret
713 1977 887 2041 dedicaturua,
897 1977 1005 2027 honores
1017 1990 1076 2026 euoe
1096 1973 1258 2034 inauriberet,

162 2057 333 2120 querarionem
345 2055 485 2119 ancipitem
496 2057 570 2106 uum
580 2057 654 2106 verbi
665 2057 698 2106 de
709 2055 815 2106 coneilio
825 2055 956 2104 ciceronio
965 2054 1097 2104 vitaverit.

197 2139 223 2184 2.
240 2133 310 2186 Quid
322 2133 475 2184 Aristotelea
487 2133 519 2182 de
531 2147 636 2183 nurnero
647 2134 777 2198 puerperii
788 2133 917 2183 memoria·
928 2133 1098 2184 mandaverit.

199 2216 225 2262 ⁸.
241 2211 369 2270 Locorum
381 2211 539 2277 quorundam
551 2211 687 2261 iiluatriuru
698 2211 802 2261 collatio
812 2211 995 2276 contentioque
1010 2209 1081 2262 iacta
1091 2226 1123 2262 ea
1137 2210 1257 2262 orationi-

163 2292 215 2342 oua
226 2293 257 2343 C.
269 2291 382 2344 Gracchi
392 2299 421 2342 et
432 2292 470 2342 Μ.
481 2291 615 2342 cicerouie
626 2297 654 2340 et
664 2291 702 2340 ll.
713 2289 826 2341 Catonia.

195 2375 222 2423 i.
238 2372 315 2425 Quod
327 2371 358 2423 P.
371 2371 490 2437 Nigidiua
505 2372 666 2436 argutieaime
677 2371 766 2422 docuit
774 2371 876 2421 nomina
887 2385 936 2420 nou
955 2371 1064 2435 potitiae
1074 2385 1140 2430 mae,
1151 2371 1198 2422 aed
1211 2385 1255 2422 na·

85 2511 90 2518 ¹
163 2453 268 2504 toralia.

196 2538 221 2584 t.
237 2531 246 2560 ‘
259 2531 374 2584 Ararue'
384 2531 527 2597 einrplexne
540 2530 692 2582 vocabulum
703 2530 747 2595 eit,
764 2545 796 2581 an
808 2531 979 2596 componitunr
989 2537 1017 2582 et
1028 2530 1136 2594 duplex,
1146 2530 1213 2580 aicut
1224 2529 1257 2578 P.

167 2611 272 2680 Nigidio
283 2613 396 2666 ridetur.
1227 2665 1230 2672 .

199 2698 224 2743 d.
239 2693 349 2744 Multam
360 2691 456 2742 dictem
467 2706 524 2743 eree
533 2691 566 2742 eb
583 2690 700 2742 aedilibua
712 2691 796 2757 plebei
805 2690 887 2756 Appii
899 2690 969 2742 Caci
979 2689 1049 2753 utic,
1059 2689 1159 2740 mulieri
1169 2687 1258 2750 nobili,

168 2771 238 2838 quod
249 2771 336 2821 locuta
346 2777 414 2821 cacat
425 2774 590 2835 petulantior.

198 2853 225 2900 i.
241 2850 393 2907 nomicum,
408 2863 464 2914 qna
480 2851 547 2900 ultra
563 2851 700 2916 imperinm
716 2851 857 2900 Muranum
873 2848 966 2912 iirruut,
981 2850 1064 2915 prirua
1080 2849 1257 2915 magnitudine

166 2945 224 2982 aeae
235 2929 333 2994 Nilurn,
345 2931 457 2980 secunda
467 2931 594 2995 Histrum,
605 2933 720 2996 proxima
730 2933 890 2994 Rirodeuuro,
900 2933 976 2982 elcuti
988 2932 1026 2982 Μ.
1043 2932 1184 2983 Varronem
1202 2945 1255 2982 urc-

165 3013 230 3063 ruini
240 3011 362 3064 cumbere.

197 3097 222 3142 8.
238 3091 314 3144 Inter
333 3091 482 3156 ignominiae
502 3091 639 3154 militarea,
661 3091 752 3156 quibua
770 3091 864 3142 militer
885 3089 1082 3156 codrcebaotnr,
1098 3091 1179 3144 suinae
1198 3107 1257 3142 aau-

167 3172 251 3235 gulnia
268 3171 459 3234 dimiaaionern3
476 3179 503 3222 et
519 3187 636 3238 quanam
655 3186 712 3223 eaae
732 3171 851 3222 rideatur
866 3185 944 3221 cauea
958 3171 1133 3236 hujuaeeouodi
1146 3171 1256 3234 cantign-

167 3251 256 3302 tiouia.

198 3337 224 3383 9.
240 3329 341 3386 Quium
355 3329 449 3392 modia,
465 3345 565 3398 quoqne
582 3333 672 3386 habitu
687 3333 756 3386 aciae
775 3333 890 3384 Romana
900 3331 993 3383 instrui
1004 3333 1081 3384 aoiita
1092 3329 1256 3395 ait,quaque

165 3425 254 3464 earnm
266 3411 463 3462 inctructlouum
474 3411 527 3462 aiut
538 3413 669 3465 rocebola.

197 3497 237 3544 to.
253 3493 318 3544 Qua
334 3491 389 3556 ejua
407 3491 445 3542 rei
462 3505 540 3542 cauea
550 3493 595 3555 ait,
606 3493 674 3558 quod
685 3499 713 3544 ct
724 3493 810 3544 (irael
820 3498 923 3566 reterec
933 3497 962 3542 et
972 3488 1080 3542 Romam
1091 3485 1214 3537 annulum
1228 3487 1257 3538 in

166 3587 197 3624 eo
207 3573 292 3638 digito
303 3578 480 3636 geataaerunt,
488 3573 533 3639 qni
542 3581 581 3623 eat
593 3573 618 3622 in
630 3587 704 3624 manu
713 3575 818 3624 einietra
828 3573 933 3624 minimo
944 3569 1083 3635 proximor.

197 3657 237 3704 li.
254 3653 381 3715 verboru,
397 3651 536 3716 ‘mature,’
549 3639 612 3720 qnid
630 3653 774 3720 aiguiiicctt
794 3665 902 3717 quaeque
919 3649 991 3700 rocio
1006 3649 1063 3712 ejua
1080 3645 1148 3696 ratio
1163 3646 1213 3698 alta
1229 3653 1263 3698 er

166 3732 233 3796 qood
244 3747 276 3782 eo
287 3731 367 3782 verbo
377 3733 469 3797 vulgua
484 3733 613 3784 lominum
632 3733 773 3799 improprie
790 3731 889 3780 unitum
905 3735 984 3791 atqua
1000 3726 1074 3790 inliol,
1084 3725 1152 3792 quod
1169 3726 1256 3792 ‘pra-

168 3810 231 3861 Μ’
240 3811 413 3863 declinatum·
425 3815 563 3878 otaecocla’
573 3813 647 3876 iecit,
658 3829 709 3865 non
720 3813 728 3843 ‘
739 3806 902 3878 praecoquit?

202 3893 241 3940 it.
255 3889 296 3942 lie
313 3893 439 3956 portcntia
455 3893 684 3959 subolumque
701 3891 803 3944 Plinina
823 3886 955 3940 secundun
965 3884 1140 3950 indignitaime
1157 3887 1185 3937 in
1201 3887 1256 3940 Da·

166 3972 301 4023 nrocrituor
312 3973 495 4038 l’lriloaophunn
506 3973 624 4025 confert:
642 3973 739 4024 ibidem
747 3971 781 4020 de
790 3969 927 4020 aimniucrc
937 3965 1035 4018 roiacrl
1045 3965 1178 4021 mhmbae.

200 4055 240 4103 rt.
256 4052 337 4104 ‘corn
348 4053 444 4118 partim
451 4051 599 4116 nomicum:
610 4065 661 4116 qna
670 4049 769 4102 ratione
780 4048 891 4100 vetaret
901 4045 1021 4098 dixerim.
