<?xml version="1.0" encoding="UTF-8"?>
<!DOCTYPE html PUBLIC "-//W3C//DTD XHTML 1.0 Transitional//EN"
    "http://www.w3.org/TR/xhtml1/DTD/xhtml1-transitional.dtd">
<html xmlns="http://www.w3.org/1999/xhtml" xml:lang="en" lang="en">
 <head>
  <title>
</title>
<meta http-equiv="Content-Type" content="text/html;charset=utf-8" />
  <meta name='ocr-system' content='tesseract 3.04.00' />
  <meta name='ocr-capabilities' content='ocr_page ocr_carea ocr_par ocr_line ocrx_word'/>
</head>
<body>
  <div class='ocr_page' id='page_1' title='image "auligelliinocte02gellgoog_0018.png"; bbox 0 0 3014 4724; ppageno 0'>
   <div class='ocr_carea' id='block_1_1' title="bbox 111 241 948 308">
    <p class='ocr_par' dir='ltr' id='par_1_1' title="bbox 111 241 948 308">
     <span class='ocr_line' id='line_1_1' title="bbox 111 241 948 308; baseline -0.011 1"><span class='ocrx_word' id='word_1_1' title='bbox 111 241 118 256; x_wconf 89' lang='lat'><em>&#39;</em></span> <span class='ocrx_word' id='word_1_2' title='bbox 236 243 279 308; x_wconf 87' lang='lat'><strong>10</strong></span> <span class='ocrx_word' id='word_1_3' title='bbox 608 254 739 304; x_wconf 78' lang='lat' dir='ltr'><strong>ruccur</strong></span> <span class='ocrx_word' id='word_1_4' title='bbox 763 251 948 302; x_wconf 79' lang='lat' dir='ltr'><strong>ononovrr</strong></span> 
     </span>
    </p>
   </div>
   <div class='ocr_carea' id='block_1_2' title="bbox 236 395 1339 4165">
    <p class='ocr_par' dir='ltr' id='par_1_2' title="bbox 236 395 1339 4165">
     <span class='ocr_line' id='line_1_2' title="bbox 237 395 1330 482; baseline 0.004 -20"><span class='ocrx_word' id='word_1_5' title='bbox 237 398 372 464; x_wconf 76' lang='lat' dir='ltr'><strong>undosa</strong></span> <span class='ocrx_word' id='word_1_6' title='bbox 394 398 560 481; x_wconf 80' lang='lat' dir='ltr'><strong>indagatio</strong></span> <span class='ocrx_word' id='word_1_7' title='bbox 583 402 617 462; x_wconf 87' lang='lat' dir='ltr'><strong>et</strong></span> <span class='ocrx_word' id='word_1_8' title='bbox 639 397 735 478; x_wconf 78' lang='lat' dir='ltr'><strong>larga</strong></span> <span class='ocrx_word' id='word_1_9' title='bbox 756 395 915 462; x_wconf 89' lang='lat' dir='ltr'><strong>desiderii</strong></span> <span class='ocrx_word' id='word_1_10' title='bbox 933 397 987 462; x_wconf 90' lang='lat' dir='ltr'><strong>sui</strong></span> <span class='ocrx_word' id='word_1_11' title='bbox 1001 395 1214 476; x_wconf 73' lang='lat' dir='ltr'><strong>significatio,</strong></span> <span class='ocrx_word' id='word_1_12' title='bbox 1229 418 1330 482; x_wconf 81' lang='lat' dir='ltr'><strong>quam</strong></span> 
     </span>
     <span class='ocr_line' id='line_1_3' title="bbox 236 498 1331 584; baseline 0.005 -23"><span class='ocrx_word' id='word_1_13' title='bbox 236 498 317 562; x_wconf 90' lang='lat' dir='ltr'><strong>mibi</strong></span> <span class='ocrx_word' id='word_1_14' title='bbox 339 501 463 584; x_wconf 81' lang='lat' dir='ltr'><strong>posuit,</strong></span> <span class='ocrx_word' id='word_1_15' title='bbox 490 519 567 564; x_wconf 90' lang='lat' dir='ltr'><strong>curn</strong></span> <span class='ocrx_word' id='word_1_16' title='bbox 590 498 733 563; x_wconf 87' lang='lat' dir='ltr'><strong>Parisiis</strong></span> <span class='ocrx_word' id='word_1_17' title='bbox 762 518 887 576; x_wconf 88' lang='lat' dir='ltr'><strong>essem,</strong></span> <span class='ocrx_word' id='word_1_18' title='bbox 913 517 944 563; x_wconf 87' lang='lat' dir='ltr'><strong>a.</strong></span> <span class='ocrx_word' id='word_1_19' title='bbox 974 499 1007 562; x_wconf 91' lang='lat' dir='ltr'><strong>d.</strong></span> <span class='ocrx_word' id='word_1_20' title='bbox 1034 514 1113 564; x_wconf 75' lang='lat' dir='ltr'><strong>er.</strong></span> <span class='ocrx_word' id='word_1_21' title='bbox 1144 499 1225 566; x_wconf 84' lang='lat' dir='ltr'><strong>Kal.</strong></span> <span class='ocrx_word' id='word_1_22' title='bbox 1250 501 1331 567; x_wconf 84' lang='lat' dir='ltr'><strong>Juu.</strong></span> 
     </span>
     <span class='ocr_line' id='line_1_4' title="bbox 237 599 1331 685; baseline 0.007 -23"><span class='ocrx_word' id='word_1_23' title='bbox 237 615 297 666; x_wconf 86' lang='lat' dir='ltr'><strong>cro</strong></span> <span class='ocrx_word' id='word_1_24' title='bbox 310 616 485 666; x_wconf 85' lang='lat' dir='ltr'><strong>roonxxr.</strong></span> <span class='ocrx_word' id='word_1_25' title='bbox 500 603 550 666; x_wconf 90' lang='lat' dir='ltr'><strong>sic</strong></span> <span class='ocrx_word' id='word_1_26' title='bbox 564 609 750 685; x_wconf 89' lang='lat' dir='ltr'><strong>concepta:</strong></span> <span class='ocrx_word' id='word_1_27' title='bbox 772 599 996 666; x_wconf 76' lang='lat' dir='ltr'><strong>‘&#39;Fresbabeo</strong></span> <span class='ocrx_word' id='word_1_28' title='bbox 1011 601 1209 668; x_wconf 76' lang='lat' dir='ltr'><strong>collationes</strong></span> <span class='ocrx_word' id='word_1_29' title='bbox 1226 603 1331 670; x_wconf 86' lang='lat' dir='ltr'><strong>Gellii</strong></span> 
     </span>
     <span class='ocr_line' id='line_1_5' title="bbox 238 699 1332 786; baseline 0.005 -20"><span class='ocrx_word' id='word_1_30' title='bbox 238 699 339 786; x_wconf 77' lang='lat' dir='ltr'><strong>Regii</strong></span> <span class='ocrx_word' id='word_1_31' title='bbox 354 702 525 768; x_wconf 86' lang='lat' dir='ltr'><strong>doctorum</strong></span> <span class='ocrx_word' id='word_1_32' title='bbox 541 702 712 768; x_wconf 89' lang='lat' dir='ltr'><strong>homiuum</strong></span> <span class='ocrx_word' id='word_1_33' title='bbox 730 704 884 768; x_wconf 87' lang='lat' dir='ltr'><strong>manibus</strong></span> <span class='ocrx_word' id='word_1_34' title='bbox 904 705 1034 770; x_wconf 82' lang='lat' dir='ltr'><strong>factas:</strong></span> <span class='ocrx_word' id='word_1_35' title='bbox 1059 705 1094 770; x_wconf 92' lang='lat' dir='ltr'><strong>bi</strong></span> <span class='ocrx_word' id='word_1_36' title='bbox 1114 723 1230 770; x_wconf 88' lang='lat' dir='ltr'><strong>omues</strong></span> <span class='ocrx_word' id='word_1_37' title='bbox 1245 708 1332 772; x_wconf 85' lang='lat' dir='ltr'><strong>satis</strong></span> 
     </span>
     <span class='ocr_line' id='line_1_6' title="bbox 236 805 1332 892; baseline 0.004 -24"><span class='ocrx_word' id='word_1_38' title='bbox 236 823 291 870; x_wconf 87' lang='lat' dir='ltr'><strong>me</strong></span> <span class='ocrx_word' id='word_1_39' title='bbox 315 805 437 872; x_wconf 88' lang='lat' dir='ltr'><strong>docent</strong></span> <span class='ocrx_word' id='word_1_40' title='bbox 460 805 697 870; x_wconf 78' lang='lat' dir='ltr'><strong>Praelatiouem</strong></span> <span class='ocrx_word' id='word_1_41' title='bbox 723 807 818 870; x_wconf 89' lang='lat' dir='ltr'><strong>ineo</strong></span> <span class='ocrx_word' id='word_1_42' title='bbox 841 807 1024 891; x_wconf 85' lang='lat' dir='ltr'><strong>exemplari</strong></span> <span class='ocrx_word' id='word_1_43' title='bbox 1040 826 1129 884; x_wconf 88' lang='lat' dir='ltr'><strong>esse,</strong></span> <span class='ocrx_word' id='word_1_44' title='bbox 1144 807 1237 892; x_wconf 89' lang='lat' dir='ltr'><strong>quod</strong></span> <span class='ocrx_word' id='word_1_45' title='bbox 1251 809 1332 872; x_wconf 88' lang='lat' dir='ltr'><strong>olim</strong></span> 
     </span>
     <span class='ocr_line' id='line_1_7' title="bbox 236 907 1333 996; baseline 0.002 -22"><span class='ocrx_word' id='word_1_46' title='bbox 236 908 402 996; x_wconf 79' lang='lat' dir='ltr'><strong>postremi</strong></span> <span class='ocrx_word' id='word_1_47' title='bbox 423 908 499 972; x_wconf 90' lang='lat' dir='ltr'><strong>libri</strong></span> <span class='ocrx_word' id='word_1_48' title='bbox 520 907 672 974; x_wconf 82' lang='lat' dir='ltr'><strong>ultimum</strong></span> <span class='ocrx_word' id='word_1_49' title='bbox 692 915 797 992; x_wconf 87' lang='lat' dir='ltr'><strong>caput</strong></span> <span class='ocrx_word' id='word_1_50' title='bbox 818 909 1023 992; x_wconf 85' lang='lat' dir='ltr'><strong>ponebatur:</strong></span> <span class='ocrx_word' id='word_1_51' title='bbox 1047 917 1084 974; x_wconf 89' lang='lat' dir='ltr'><strong>ct</strong></span> <span class='ocrx_word' id='word_1_52' title='bbox 1104 909 1183 974; x_wconf 90' lang='lat' dir='ltr'><strong>buic</strong></span> <span class='ocrx_word' id='word_1_53' title='bbox 1203 909 1333 976; x_wconf 76' lang='lat' dir='ltr'><strong>Praela-</strong></span> 
     </span>
     <span class='ocr_line' id='line_1_8' title="bbox 236 1010 1333 1096; baseline -0.001 -18"><span class='ocrx_word' id='word_1_54' title='bbox 236 1013 322 1078; x_wconf 85' lang='lat' dir='ltr'><strong>tioni</strong></span> <span class='ocrx_word' id='word_1_55' title='bbox 335 1011 460 1095; x_wconf 87' lang='lat' dir='ltr'><strong>subjici</strong></span> <span class='ocrx_word' id='word_1_56' title='bbox 474 1011 632 1076; x_wconf 85' lang='lat' dir='ltr'><strong>lemmata</strong></span> <span class='ocrx_word' id='word_1_57' title='bbox 643 1011 793 1094; x_wconf 82' lang='lat' dir='ltr'><strong>capitum</strong></span> <span class='ocrx_word' id='word_1_58' title='bbox 807 1031 868 1096; x_wconf 91' lang='lat' dir='ltr'><strong>per</strong></span> <span class='ocrx_word' id='word_1_59' title='bbox 887 1029 1003 1076; x_wconf 88' lang='lat' dir='ltr'><strong>omnes</strong></span> <span class='ocrx_word' id='word_1_60' title='bbox 1019 1026 1090 1076; x_wconf 82' lang='lat' dir='ltr'><strong>xx.</strong></span> <span class='ocrx_word' id='word_1_61' title='bbox 1105 1010 1220 1076; x_wconf 87' lang='lat' dir='ltr'><strong>libros.</strong></span> <span class='ocrx_word' id='word_1_62' title='bbox 1263 1012 1333 1078; x_wconf 86' lang='lat' dir='ltr'><strong>Sed</strong></span> 
     </span>
     <span class='ocr_line' id='line_1_9' title="bbox 237 1112 1334 1199; baseline -0.002 -19"><span class='ocrx_word' id='word_1_63' title='bbox 237 1113 320 1199; x_wconf 87' lang='lat' dir='ltr'><strong>quid</strong></span> <span class='ocrx_word' id='word_1_64' title='bbox 341 1119 498 1198; x_wconf 87' lang='lat' dir='ltr'><strong>sequatur</strong></span> <span class='ocrx_word' id='word_1_65' title='bbox 516 1133 559 1178; x_wconf 85' lang='lat' dir='ltr'><strong>ea</strong></span> <span class='ocrx_word' id='word_1_66' title='bbox 572 1114 742 1192; x_wconf 86' lang='lat' dir='ltr'><strong>lemmata,</strong></span> <span class='ocrx_word' id='word_1_67' title='bbox 755 1121 790 1178; x_wconf 89' lang='lat' dir='ltr'><strong>et</strong></span> <span class='ocrx_word' id='word_1_68' title='bbox 802 1112 890 1178; x_wconf 92' lang='lat' dir='ltr'><strong>unde</strong></span> <span class='ocrx_word' id='word_1_69' title='bbox 904 1113 1046 1196; x_wconf 77' lang='lat' dir='ltr'><strong>incipiat</strong></span> <span class='ocrx_word' id='word_1_70' title='bbox 1059 1118 1239 1178; x_wconf 83' lang='lat' dir='ltr'><strong>contextus</strong></span> <span class='ocrx_word' id='word_1_71' title='bbox 1252 1131 1334 1178; x_wconf 88' lang='lat' dir='ltr'><strong>auc·</strong></span> 
     </span>
     <span class='ocr_line' id='line_1_10' title="bbox 238 1213 1334 1301; baseline 0 -19"><span class='ocrx_word' id='word_1_72' title='bbox 238 1217 331 1295; x_wconf 88' lang='lat' dir='ltr'><strong>toris,</strong></span> <span class='ocrx_word' id='word_1_73' title='bbox 360 1216 459 1301; x_wconf 85' lang='lat' dir='ltr'><strong>quusi</strong></span> <span class='ocrx_word' id='word_1_74' title='bbox 480 1215 523 1280; x_wconf 91' lang='lat' dir='ltr'><strong>de</strong></span> <span class='ocrx_word' id='word_1_75' title='bbox 553 1221 729 1299; x_wconf 83' lang='lat' dir='ltr'><strong>compacto</strong></span> <span class='ocrx_word' id='word_1_76' title='bbox 752 1215 862 1281; x_wconf 90' lang='lat' dir='ltr'><strong>silent.</strong></span> <span class='ocrx_word' id='word_1_77' title='bbox 907 1213 1069 1299; x_wconf 75' lang='lat' dir='ltr'><strong>Suspicor</strong></span> <span class='ocrx_word' id='word_1_78' title='bbox 1095 1220 1206 1280; x_wconf 86' lang='lat' dir='ltr'><strong>autem</strong></span> <span class='ocrx_word' id='word_1_79' title='bbox 1225 1215 1334 1299; x_wconf 80' lang='lat' dir='ltr'><strong>prime</strong></span> 
     </span>
     <span class='ocr_line' id='line_1_11' title="bbox 238 1316 1333 1403; baseline 0.002 -21"><span class='ocrx_word' id='word_1_80' title='bbox 238 1317 435 1403; x_wconf 84' lang='lat' dir='ltr'><strong>duncapita</strong></span> <span class='ocrx_word' id='word_1_81' title='bbox 448 1319 524 1384; x_wconf 88' lang='lat' dir='ltr'><strong>libri</strong></span> <span class='ocrx_word' id='word_1_82' title='bbox 539 1318 637 1402; x_wconf 90' lang='lat' dir='ltr'><strong>primi</strong></span> <span class='ocrx_word' id='word_1_83' title='bbox 650 1319 687 1382; x_wconf 90' lang='lat' dir='ltr'><strong>iu</strong></span> <span class='ocrx_word' id='word_1_84' title='bbox 700 1337 741 1383; x_wconf 87' lang='lat' dir='ltr'><strong>eo</strong></span> <span class='ocrx_word' id='word_1_85' title='bbox 756 1317 924 1384; x_wconf 77' lang='lat' dir='ltr'><strong>volumine</strong></span> <span class='ocrx_word' id='word_1_86' title='bbox 939 1317 1078 1398; x_wconf 86' lang='lat' dir='ltr'><strong>deesse;</strong></span> <span class='ocrx_word' id='word_1_87' title='bbox 1101 1317 1235 1402; x_wconf 82' lang='lat' dir='ltr'><strong>quando</strong></span> <span class='ocrx_word' id='word_1_88' title='bbox 1250 1316 1333 1384; x_wconf 85' lang='lat' dir='ltr'><strong>nibil</strong></span> 
     </span>
     <span class='ocr_line' id='line_1_12' title="bbox 238 1419 1333 1504; baseline 0.001 -21"><span class='ocrx_word' id='word_1_89' title='bbox 238 1437 261 1483; x_wconf 87' lang='lat' dir='ltr'><strong>a</strong></span> <span class='ocrx_word' id='word_1_90' title='bbox 281 1439 450 1504; x_wconf 86' lang='lat' dir='ltr'><strong>quoquam</strong></span> <span class='ocrx_word' id='word_1_91' title='bbox 477 1421 526 1485; x_wconf 94' lang='lat' dir='ltr'><strong>ibi</strong></span> <span class='ocrx_word' id='word_1_92' title='bbox 547 1420 720 1486; x_wconf 67' lang='lat' dir='ltr'><strong>redemtis</strong></span> <span class='ocrx_word' id='word_1_93' title='bbox 737 1426 888 1485; x_wconf 87' lang='lat' dir='ltr'><strong>notatum</strong></span> <span class='ocrx_word' id='word_1_94' title='bbox 910 1419 1023 1497; x_wconf 85' lang='lat' dir='ltr'><strong>video,</strong></span> <span class='ocrx_word' id='word_1_95' title='bbox 1046 1437 1122 1484; x_wconf 88' lang='lat' dir='ltr'><strong>cnm</strong></span> <span class='ocrx_word' id='word_1_96' title='bbox 1144 1426 1255 1484; x_wconf 86' lang='lat' dir='ltr'><strong>tamen</strong></span> <span class='ocrx_word' id='word_1_97' title='bbox 1275 1419 1333 1484; x_wconf 84' lang='lat' dir='ltr'><strong>be·</strong></span> 
     </span>
     <span class='ocr_line' id='line_1_13' title="bbox 238 1521 1334 1606; baseline 0.001 -20"><span class='ocrx_word' id='word_1_98' title='bbox 238 1521 341 1586; x_wconf 89' lang='lat' dir='ltr'><strong>beant</strong></span> <span class='ocrx_word' id='word_1_99' title='bbox 362 1521 480 1604; x_wconf 76' lang='lat' dir='ltr'><strong>dignos</strong></span> <span class='ocrx_word' id='word_1_100' title='bbox 505 1521 637 1588; x_wconf 85' lang='lat' dir='ltr'><strong>vindice</strong></span> <span class='ocrx_word' id='word_1_101' title='bbox 655 1522 771 1588; x_wconf 88' lang='lat' dir='ltr'><strong>nodos.</strong></span> <span class='ocrx_word' id='word_1_102' title='bbox 815 1521 934 1588; x_wconf 83' lang='lat' dir='ltr'><strong>Codex</strong></span> <span class='ocrx_word' id='word_1_103' title='bbox 948 1522 1040 1588; x_wconf 90' lang='lat' dir='ltr'><strong>alib.</strong></span> <span class='ocrx_word' id='word_1_104' title='bbox 1062 1537 1086 1585; x_wconf 90' lang='lat' dir='ltr'><strong>r.</strong></span> <span class='ocrx_word' id='word_1_105' title='bbox 1104 1521 1148 1588; x_wconf 90' lang='lat' dir='ltr'><strong>ad</strong></span> <span class='ocrx_word' id='word_1_106' title='bbox 1164 1538 1214 1586; x_wconf 88' lang='lat' dir='ltr'><strong>vr.</strong></span> <span class='ocrx_word' id='word_1_107' title='bbox 1229 1541 1334 1606; x_wconf 90' lang='lat' dir='ltr'><strong>nsque</strong></span> 
     </span>
     <span class='ocr_line' id='line_1_14' title="bbox 238 1621 1334 1708; baseline 0.002 -22"><span class='ocrx_word' id='word_1_108' title='bbox 238 1622 399 1706; x_wconf 82' lang='lat' dir='ltr'><strong>pertiuet3</strong></span> <span class='ocrx_word' id='word_1_109' title='bbox 414 1623 476 1688; x_wconf 87' lang='lat' dir='ltr'><strong>sed</strong></span> <span class='ocrx_word' id='word_1_110' title='bbox 487 1629 566 1702; x_wconf 85' lang='lat' dir='ltr'><strong>tarn,</strong></span> <span class='ocrx_word' id='word_1_111' title='bbox 583 1631 620 1688; x_wconf 88' lang='lat' dir='ltr'><strong>ut</strong></span> <span class='ocrx_word' id='word_1_112' title='bbox 633 1623 719 1702; x_wconf 85' lang='lat' dir='ltr'><strong>dixi,</strong></span> <span class='ocrx_word' id='word_1_113' title='bbox 739 1643 762 1688; x_wconf 89' lang='lat' dir='ltr'><strong>a</strong></span> <span class='ocrx_word' id='word_1_114' title='bbox 774 1623 954 1708; x_wconf 89' lang='lat' dir='ltr'><strong>principio,</strong></span> <span class='ocrx_word' id='word_1_115' title='bbox 967 1641 1067 1706; x_wconf 85' lang='lat' dir='ltr'><strong>quem</strong></span> <span class='ocrx_word' id='word_1_116' title='bbox 1081 1623 1116 1688; x_wconf 89' lang='lat' dir='ltr'><strong>in</strong></span> <span class='ocrx_word' id='word_1_117' title='bbox 1129 1621 1195 1688; x_wconf 87' lang='lat' dir='ltr'><strong>fine</strong></span> <span class='ocrx_word' id='word_1_118' title='bbox 1210 1623 1334 1707; x_wconf 88' lang='lat' dir='ltr'><strong>aliquid</strong></span> 
     </span>
     <span class='ocr_line' id='line_1_15' title="bbox 239 1723 1335 1810; baseline 0.002 -22"><span class='ocrx_word' id='word_1_119' title='bbox 239 1723 421 1790; x_wconf 81' lang='lat' dir='ltr'><strong>desiderari</strong></span> <span class='ocrx_word' id='word_1_120' title='bbox 443 1743 585 1790; x_wconf 84' lang='lat' dir='ltr'><strong>censeo:</strong></span> <span class='ocrx_word' id='word_1_121' title='bbox 613 1726 703 1810; x_wconf 90' lang='lat' dir='ltr'><strong>quod</strong></span> <span class='ocrx_word' id='word_1_122' title='bbox 728 1734 887 1791; x_wconf 85' lang='lat' dir='ltr'><strong>accurate</strong></span> <span class='ocrx_word' id='word_1_123' title='bbox 911 1743 1098 1807; x_wconf 77' lang='lat' dir='ltr'><strong>cognoscas</strong></span> <span class='ocrx_word' id='word_1_124' title='bbox 1118 1725 1230 1803; x_wconf 87' lang='lat' dir='ltr'><strong>velim,</strong></span> <span class='ocrx_word' id='word_1_125' title='bbox 1255 1735 1335 1790; x_wconf 83' lang='lat' dir='ltr'><strong>etc</strong></span> 
     </span>
     <span class='ocr_line' id='line_1_16' title="bbox 239 1826 1335 1912; baseline 0.005 -24"><span class='ocrx_word' id='word_1_126' title='bbox 239 1843 309 1909; x_wconf 88' lang='lat' dir='ltr'><strong>quo</strong></span> <span class='ocrx_word' id='word_1_127' title='bbox 332 1828 455 1911; x_wconf 88' lang='lat' dir='ltr'><strong>capite,</strong></span> <span class='ocrx_word' id='word_1_128' title='bbox 481 1829 604 1911; x_wconf 89' lang='lat' dir='ltr'><strong>quibus</strong></span> <span class='ocrx_word' id='word_1_129' title='bbox 627 1828 751 1911; x_wconf 86' lang='lat' dir='ltr'><strong>capitis</strong></span> <span class='ocrx_word' id='word_1_130' title='bbox 775 1828 849 1912; x_wconf 88' lang='lat' dir='ltr'><strong>ejus</strong></span> <span class='ocrx_word' id='word_1_131' title='bbox 874 1828 985 1892; x_wconf 82' lang='lat' dir='ltr'><strong>verbis</strong></span> <span class='ocrx_word' id='word_1_132' title='bbox 1007 1833 1042 1891; x_wconf 86' lang='lat' dir='ltr'><strong>et</strong></span> <span class='ocrx_word' id='word_1_133' title='bbox 1062 1826 1166 1892; x_wconf 82' lang='lat' dir='ltr'><strong>literis</strong></span> <span class='ocrx_word' id='word_1_134' title='bbox 1182 1827 1335 1912; x_wconf 79' lang='lat' dir='ltr'><strong>incipiat,</strong></span> 
     </span>
     <span class='ocr_line' id='line_1_17' title="bbox 239 1928 1336 2014; baseline 0.003 -21"><span class='ocrx_word' id='word_1_135' title='bbox 239 1947 350 2012; x_wconf 86' lang='lat' dir='ltr'><strong>quere</strong></span> <span class='ocrx_word' id='word_1_136' title='bbox 365 1930 478 2014; x_wconf 85' lang='lat' dir='ltr'><strong>capite</strong></span> <span class='ocrx_word' id='word_1_137' title='bbox 493 1929 571 1994; x_wconf 88' lang='lat' dir='ltr'><strong>libri</strong></span> <span class='ocrx_word' id='word_1_138' title='bbox 586 1945 636 1994; x_wconf 90' lang='lat' dir='ltr'><strong>vr.</strong></span> <span class='ocrx_word' id='word_1_139' title='bbox 650 1930 816 2014; x_wconf 73' lang='lat' dir='ltr'><strong>quibusve</strong></span> <span class='ocrx_word' id='word_1_140' title='bbox 829 1928 938 1996; x_wconf 80' lang='lat' dir='ltr'><strong>verbis</strong></span> <span class='ocrx_word' id='word_1_141' title='bbox 952 1934 988 1994; x_wconf 89' lang='lat' dir='ltr'><strong>et</strong></span> <span class='ocrx_word' id='word_1_142' title='bbox 999 1929 1108 1994; x_wconf 86' lang='lat' dir='ltr'><strong>literis</strong></span> <span class='ocrx_word' id='word_1_143' title='bbox 1121 1928 1196 2013; x_wconf 87' lang='lat' dir='ltr'><strong>ejus</strong></span> <span class='ocrx_word' id='word_1_144' title='bbox 1211 1930 1336 2013; x_wconf 81' lang='lat' dir='ltr'><strong>capitis</strong></span> 
     </span>
     <span class='ocr_line' id='line_1_18' title="bbox 239 2029 1336 2117; baseline 0.002 -23"><span class='ocrx_word' id='word_1_145' title='bbox 239 2029 388 2109; x_wconf 86' lang='lat' dir='ltr'><strong>finiatur,</strong></span> <span class='ocrx_word' id='word_1_146' title='bbox 410 2032 492 2096; x_wconf 91' lang='lat' dir='ltr'><strong>mibi</strong></span> <span class='ocrx_word' id='word_1_147' title='bbox 513 2031 725 2116; x_wconf 71' lang='lat' dir='ltr'><strong>perscribas:</strong></span> <span class='ocrx_word' id='word_1_148' title='bbox 768 2031 825 2097; x_wconf 84' lang='lat' dir='ltr'><strong>Ad</strong></span> <span class='ocrx_word' id='word_1_149' title='bbox 847 2051 924 2117; x_wconf 79' lang='lat' dir='ltr'><strong>qum</strong></span> <span class='ocrx_word' id='word_1_150' title='bbox 946 2031 1059 2098; x_wconf 90' lang='lat' dir='ltr'><strong>omnia</strong></span> <span class='ocrx_word' id='word_1_151' title='bbox 1079 2051 1156 2096; x_wconf 86' lang='lat' dir='ltr'><strong>cum</strong></span> <span class='ocrx_word' id='word_1_152' title='bbox 1174 2031 1336 2098; x_wconf 86' lang='lat' dir='ltr'><strong>attendis·</strong></span> 
     </span>
     <span class='ocr_line' id='line_1_19' title="bbox 240 2133 1336 2219; baseline 0.002 -21"><span class='ocrx_word' id='word_1_153' title='bbox 240 2153 323 2211; x_wconf 87' lang='lat' dir='ltr'><strong>sem,</strong></span> <span class='ocrx_word' id='word_1_154' title='bbox 337 2139 370 2200; x_wconf 91' lang='lat' dir='ltr'><strong>et</strong></span> <span class='ocrx_word' id='word_1_155' title='bbox 390 2133 539 2200; x_wconf 88' lang='lat' dir='ltr'><strong>Gellium</strong></span> <span class='ocrx_word' id='word_1_156' title='bbox 559 2135 626 2202; x_wconf 88' lang='lat' dir='ltr'><strong>isto</strong></span> <span class='ocrx_word' id='word_1_157' title='bbox 648 2141 749 2219; x_wconf 88' lang='lat' dir='ltr'><strong>pacto</strong></span> <span class='ocrx_word' id='word_1_158' title='bbox 772 2134 934 2202; x_wconf 85' lang='lat' dir='ltr'><strong>collatum</strong></span> <span class='ocrx_word' id='word_1_159' title='bbox 955 2134 1252 2218; x_wconf 80' lang='lat' dir='ltr'><strong>conscriptumque</strong></span> <span class='ocrx_word' id='word_1_160' title='bbox 1275 2135 1336 2200; x_wconf 88' lang='lat' dir='ltr'><strong>rni-</strong></span> 
     </span>
     <span class='ocr_line' id='line_1_20' title="bbox 241 2234 1336 2324; baseline 0.005 -27"><span class='ocrx_word' id='word_1_161' title='bbox 241 2234 373 2312; x_wconf 81' lang='lat' dir='ltr'><strong>sissem,</strong></span> <span class='ocrx_word' id='word_1_162' title='bbox 394 2237 442 2302; x_wconf 88' lang='lat' dir='ltr'><strong>ita</strong></span> <span class='ocrx_word' id='word_1_163' title='bbox 459 2238 688 2305; x_wconf 88' lang='lat' dir='ltr'><strong>conditionem</strong></span> <span class='ocrx_word' id='word_1_164' title='bbox 709 2239 781 2324; x_wconf 87' lang='lat' dir='ltr'><strong>ejus</strong></span> <span class='ocrx_word' id='word_1_165' title='bbox 802 2238 881 2303; x_wconf 93' lang='lat' dir='ltr'><strong>libri</strong></span> <span class='ocrx_word' id='word_1_166' title='bbox 902 2237 1060 2320; x_wconf 85' lang='lat' dir='ltr'><strong>concepit</strong></span> <span class='ocrx_word' id='word_1_167' title='bbox 1075 2237 1287 2321; x_wconf 78' lang='lat' dir='ltr'><strong>signavitque</strong></span> <span class='ocrx_word' id='word_1_168' title='bbox 1301 2237 1336 2302; x_wconf 88' lang='lat' dir='ltr'><strong>iu</strong></span> 
     </span>
     <span class='ocr_line' id='line_1_21' title="bbox 240 2333 1335 2427; baseline 0.005 -29"><span class='ocrx_word' id='word_1_169' title='bbox 240 2333 347 2401; x_wconf 83' lang='lat' dir='ltr'><strong>fronte</strong></span> <span class='ocrx_word' id='word_1_170' title='bbox 362 2341 577 2422; x_wconf 85' lang='lat' dir='ltr'><strong>exemplaris,</strong></span> <span class='ocrx_word' id='word_1_171' title='bbox 593 2361 662 2427; x_wconf 90' lang='lat' dir='ltr'><strong>quo</strong></span> <span class='ocrx_word' id='word_1_172' title='bbox 684 2343 732 2407; x_wconf 90' lang='lat' dir='ltr'><strong>uti</strong></span> <span class='ocrx_word' id='word_1_173' title='bbox 756 2341 903 2408; x_wconf 83' lang='lat' dir='ltr'><strong>solebat:</strong></span> <span class='ocrx_word' id='word_1_174' title='bbox 926 2339 1077 2422; x_wconf 72' lang='lat' dir='ltr'><strong>‘Regius</strong></span> <span class='ocrx_word' id='word_1_175' title='bbox 1091 2337 1177 2404; x_wconf 87' lang='lat' dir='ltr'><strong>liber</strong></span> <span class='ocrx_word' id='word_1_176' title='bbox 1191 2341 1335 2423; x_wconf 89' lang='lat' dir='ltr'><strong>primum</strong></span> 
     </span>
     <span class='ocr_line' id='line_1_22' title="bbox 241 2438 1337 2526; baseline 0.004 -22"><span class='ocrx_word' id='word_1_177' title='bbox 241 2438 344 2506; x_wconf 84' lang='lat' dir='ltr'><strong>babet</strong></span> <span class='ocrx_word' id='word_1_178' title='bbox 357 2442 380 2507; x_wconf 85' lang='lat' dir='ltr'>J</span> <span class='ocrx_word' id='word_1_179' title='bbox 382 2443 444 2506; x_wconf 93' lang='lat' dir='ltr'><strong>ulii</strong></span> <span class='ocrx_word' id='word_1_180' title='bbox 458 2443 607 2512; x_wconf 81' lang='lat' dir='ltr'><strong>Caesaris</strong></span> <span class='ocrx_word' id='word_1_181' title='bbox 626 2445 751 2510; x_wconf 86' lang='lat' dir='ltr'><strong>bellum</strong></span> <span class='ocrx_word' id='word_1_182' title='bbox 772 2443 954 2509; x_wconf 83' lang='lat' dir='ltr'><strong>Gallicum.</strong></span> <span class='ocrx_word' id='word_1_183' title='bbox 999 2441 1132 2508; x_wconf 84' lang='lat' dir='ltr'><strong>Deinde</strong></span> <span class='ocrx_word' id='word_1_184' title='bbox 1145 2442 1265 2526; x_wconf 89' lang='lat' dir='ltr'><strong>incipit</strong></span> <span class='ocrx_word' id='word_1_185' title='bbox 1279 2443 1337 2508; x_wconf 77' lang='lat' dir='ltr'><strong>ln&#39;·</strong></span> 
     </span>
     <span class='ocr_line' id='line_1_23' title="bbox 240 2541 1338 2627; baseline 0.005 -21"><span class='ocrx_word' id='word_1_186' title='bbox 240 2541 301 2608; x_wconf 89' lang='lat' dir='ltr'><strong>ber</strong></span> <span class='ocrx_word' id='word_1_187' title='bbox 314 2541 359 2609; x_wconf 81' lang='lat' dir='ltr'><strong>A.</strong></span> <span class='ocrx_word' id='word_1_188' title='bbox 375 2543 477 2610; x_wconf 88' lang='lat' dir='ltr'><strong>Gellii</strong></span> <span class='ocrx_word' id='word_1_189' title='bbox 493 2545 655 2612; x_wconf 87' lang='lat' dir='ltr'><strong>Noctium</strong></span> <span class='ocrx_word' id='word_1_190' title='bbox 669 2545 869 2611; x_wconf 84' lang='lat' dir='ltr'><strong>Atticarum.</strong></span> <span class='ocrx_word' id='word_1_191' title='bbox 902 2543 995 2610; x_wconf 88' lang='lat' dir='ltr'><strong>Hinc</strong></span> <span class='ocrx_word' id='word_1_192' title='bbox 1013 2563 1091 2627; x_wconf 76' lang='lat' dir='ltr'><strong>qum</strong></span> <span class='ocrx_word' id='word_1_193' title='bbox 1107 2545 1140 2608; x_wconf 93' lang='lat' dir='ltr'><strong>iu</strong></span> <span class='ocrx_word' id='word_1_194' title='bbox 1155 2544 1338 2612; x_wconf 79' lang='lat' dir='ltr'><strong>ediliceret</strong></span> 
     </span>
     <span class='ocr_line' id='line_1_24' title="bbox 241 2645 1336 2730; baseline 0.003 -21"><span class='ocrx_word' id='word_1_195' title='bbox 241 2663 321 2728; x_wconf 89' lang='lat' dir='ltr'><strong>pars</strong></span> <span class='ocrx_word' id='word_1_196' title='bbox 337 2647 444 2710; x_wconf 88' lang='lat' dir='ltr'><strong>ultimi</strong></span> <span class='ocrx_word' id='word_1_197' title='bbox 459 2647 583 2728; x_wconf 85' lang='lat' dir='ltr'><strong>capitis</strong></span> <span class='ocrx_word' id='word_1_198' title='bbox 604 2647 682 2710; x_wconf 88' lang='lat' dir='ltr'><strong>libri</strong></span> <span class='ocrx_word' id='word_1_199' title='bbox 701 2647 872 2730; x_wconf 86' lang='lat' dir='ltr'><strong>postremi.</strong></span> <span class='ocrx_word' id='word_1_200' title='bbox 916 2645 1002 2712; x_wconf 81' lang='lat' dir='ltr'><strong>Mox</strong></span> <span class='ocrx_word' id='word_1_201' title='bbox 1017 2646 1175 2712; x_wconf 79' lang='lat' dir='ltr'><strong>lemmata</strong></span> <span class='ocrx_word' id='word_1_202' title='bbox 1189 2648 1336 2730; x_wconf 86' lang='lat' dir='ltr'><strong>capitum</strong></span> 
     </span>
     <span class='ocr_line' id='line_1_25' title="bbox 241 2745 1338 2832; baseline 0.004 -22"><span class='ocrx_word' id='word_1_203' title='bbox 241 2746 319 2811; x_wconf 93' lang='lat' dir='ltr'><strong>libri</strong></span> <span class='ocrx_word' id='word_1_204' title='bbox 334 2746 433 2830; x_wconf 91' lang='lat' dir='ltr'><strong>primi</strong></span> <span class='ocrx_word' id='word_1_205' title='bbox 447 2765 556 2829; x_wconf 89' lang='lat' dir='ltr'><strong>usque</strong></span> <span class='ocrx_word' id='word_1_206' title='bbox 570 2745 614 2812; x_wconf 90' lang='lat' dir='ltr'><strong>ad</strong></span> <span class='ocrx_word' id='word_1_207' title='bbox 628 2755 671 2810; x_wconf 79' lang='lat'><strong>10</strong></span> <span class='ocrx_word' id='word_1_208' title='bbox 686 2747 728 2813; x_wconf 87' lang='lat' dir='ltr'><strong>de</strong></span> <span class='ocrx_word' id='word_1_209' title='bbox 741 2747 930 2832; x_wconf 85' lang='lat' dir='ltr'><strong>Sibyllinis.</strong></span> <span class='ocrx_word' id='word_1_210' title='bbox 972 2747 1105 2814; x_wconf 80' lang='lat' dir='ltr'><strong>Graecis</strong></span> <span class='ocrx_word' id='word_1_211' title='bbox 1125 2749 1214 2814; x_wconf 89' lang='lat' dir='ltr'><strong>enim</strong></span> <span class='ocrx_word' id='word_1_212' title='bbox 1232 2749 1338 2814; x_wconf 85' lang='lat' dir='ltr'><strong>literis</strong></span> 
     </span>
     <span class='ocr_line' id='line_1_26' title="bbox 241 2846 1337 2936; baseline 0.006 -26"><span class='ocrx_word' id='word_1_213' title='bbox 241 2865 395 2912; x_wconf 87' lang='lat' dir='ltr'><strong>numerus</strong></span> <span class='ocrx_word' id='word_1_214' title='bbox 410 2846 452 2911; x_wconf 91' lang='lat' dir='ltr'><strong>ad</strong></span> <span class='ocrx_word' id='word_1_215' title='bbox 472 2847 605 2930; x_wconf 79' lang='lat' dir='ltr'><strong>singula</strong></span> <span class='ocrx_word' id='word_1_216' title='bbox 618 2849 775 2916; x_wconf 84' lang='lat' dir='ltr'><strong>lemmata</strong></span> <span class='ocrx_word' id='word_1_217' title='bbox 789 2855 933 2918; x_wconf 85' lang='lat' dir='ltr'><strong>notatur.</strong></span> <span class='ocrx_word' id='word_1_218' title='bbox 976 2851 1062 2916; x_wconf 89' lang='lat' dir='ltr'><strong>Post</strong></span> <span class='ocrx_word' id='word_1_219' title='bbox 1076 2851 1160 2918; x_wconf 94' lang='lat' dir='ltr'><strong>illud</strong></span> <span class='ocrx_word' id='word_1_220' title='bbox 1174 2859 1217 2918; x_wconf 76' lang='lat' dir='ltr'><strong>le</strong></span> <span class='ocrx_word' id='word_1_221' title='bbox 1232 2869 1337 2936; x_wconf 84' lang='lat' dir='ltr'><strong>appa·</strong></span> 
     </span>
     <span class='ocr_line' id='line_1_27' title="bbox 241 2945 1337 3039; baseline 0.007 -27"><span class='ocrx_word' id='word_1_222' title='bbox 241 2953 293 3012; x_wconf 89' lang='lat' dir='ltr'><strong>ret</strong></span> <span class='ocrx_word' id='word_1_223' title='bbox 310 2945 471 3025; x_wconf 75' lang='lat' dir='ltr'><strong>DEFsT,</strong></span> <span class='ocrx_word' id='word_1_224' title='bbox 486 2955 522 3013; x_wconf 89' lang='lat' dir='ltr'><strong>et</strong></span> <span class='ocrx_word' id='word_1_225' title='bbox 534 2949 681 3034; x_wconf 86' lang='lat' dir='ltr'><strong>spatium</strong></span> <span class='ocrx_word' id='word_1_226' title='bbox 695 2951 861 3019; x_wconf 86' lang='lat' dir='ltr'><strong>columnne</strong></span> <span class='ocrx_word' id='word_1_227' title='bbox 876 2951 971 3039; x_wconf 86' lang='lat' dir='ltr'><strong>(nam</strong></span> <span class='ocrx_word' id='word_1_228' title='bbox 985 2953 1020 3018; x_wconf 91' lang='lat' dir='ltr'><strong>in</strong></span> <span class='ocrx_word' id='word_1_229' title='bbox 1035 2973 1095 3018; x_wconf 84' lang='lat' dir='ltr'><strong>eae</strong></span> <span class='ocrx_word' id='word_1_230' title='bbox 1110 2953 1228 3019; x_wconf 82' lang='lat' dir='ltr'><strong>diuisae</strong></span> <span class='ocrx_word' id='word_1_231' title='bbox 1243 2953 1337 3036; x_wconf 72' lang='lat' dir='ltr'><strong>pagi·</strong></span> 
     </span>
     <span class='ocr_line' id='line_1_28' title="bbox 242 3044 1337 3138; baseline 0.009 -26"><span class='ocrx_word' id='word_1_232' title='bbox 242 3044 313 3131; x_wconf 74' lang='lat' dir='ltr'><strong>nar)</strong></span> <span class='ocrx_word' id='word_1_233' title='bbox 340 3049 523 3117; x_wconf 78' lang='lat' dir='ltr'><strong>dimidiatae</strong></span> <span class='ocrx_word' id='word_1_234' title='bbox 550 3069 701 3118; x_wconf 87' lang='lat' dir='ltr'><strong>vacuum.</strong></span> <span class='ocrx_word' id='word_1_235' title='bbox 745 3053 787 3118; x_wconf 91' lang='lat' dir='ltr'><strong>Iu</strong></span> <span class='ocrx_word' id='word_1_236' title='bbox 816 3073 947 3120; x_wconf 87' lang='lat' dir='ltr'><strong>summo</strong></span> <span class='ocrx_word' id='word_1_237' title='bbox 972 3055 1145 3138; x_wconf 88' lang='lat' dir='ltr'><strong>sequentis</strong></span> <span class='ocrx_word' id='word_1_238' title='bbox 1168 3053 1337 3122; x_wconf 81' lang='lat' dir='ltr'><strong>columna</strong></span> 
     </span>
     <span class='ocr_line' id='line_1_29' title="bbox 242 3149 1338 3242; baseline 0.008 -29"><span class='ocrx_word' id='word_1_239' title='bbox 242 3149 350 3233; x_wconf 84' lang='lat' dir='ltr'><strong>prima</strong></span> <span class='ocrx_word' id='word_1_240' title='bbox 364 3159 457 3217; x_wconf 82' lang='lat' dir='ltr'><strong>sunt:</strong></span> <span class='ocrx_word' id='word_1_241' title='bbox 480 3158 747 3222; x_wconf 70' lang='lat' dir='ltr'><strong>animumne</strong></span> <span class='ocrx_word' id='word_1_242' title='bbox 765 3153 874 3242; x_wconf 92' lang='lat' dir='ltr'><strong>(quod</strong></span> <span class='ocrx_word' id='word_1_243' title='bbox 895 3164 950 3222; x_wconf 84' lang='lat' dir='ltr'><strong>est</strong></span> <span class='ocrx_word' id='word_1_244' title='bbox 962 3157 996 3222; x_wconf 93' lang='lat' dir='ltr'><strong>iu</strong></span> <span class='ocrx_word' id='word_1_245' title='bbox 1010 3158 1158 3222; x_wconf 71' lang='lat' dir='ltr'><strong>mcuudo</strong></span> <span class='ocrx_word' id='word_1_246' title='bbox 1173 3157 1338 3222; x_wconf 85' lang='lat' dir='ltr'><strong>editorum</strong></span> 
     </span>
     <span class='ocr_line' id='line_1_30' title="bbox 243 3249 1337 3337; baseline 0.005 -23"><span class='ocrx_word' id='word_1_247' title='bbox 243 3249 370 3336; x_wconf 76' lang='lat' dir='ltr'><strong>cupite)</strong></span> <span class='ocrx_word' id='word_1_248' title='bbox 383 3272 491 3337; x_wconf 83' lang='lat' dir='ltr'><strong>usque</strong></span> <span class='ocrx_word' id='word_1_249' title='bbox 514 3257 557 3322; x_wconf 74' lang='lat' dir='ltr'><strong>ud</strong></span> <span class='ocrx_word' id='word_1_250' title='bbox 575 3263 932 3322; x_wconf 68' lang='grc' dir='ltr'><em>ΜΕΤΑΠΕΑΛΨΗΤΑΙ</em></span> <span class='ocrx_word' id='word_1_251' title='bbox 953 3263 1337 3322; x_wconf 68' lang='lat' dir='ltr'><strong>usuumfomrnuuv.</strong></span> 
     </span>
     <span class='ocr_line' id='line_1_31' title="bbox 244 3350 1338 3445; baseline 0.006 -28"><span class='ocrx_word' id='word_1_252' title='bbox 244 3350 379 3431; x_wconf 81' lang='lat' dir='ltr'><strong>Quibus</strong></span> <span class='ocrx_word' id='word_1_253' title='bbox 393 3354 498 3421; x_wconf 81' lang='lat' dir='ltr'><strong>baerct</strong></span> <span class='ocrx_word' id='word_1_254' title='bbox 518 3359 739 3424; x_wconf 81' lang='lat' dir='ltr'><strong>continenter:</strong></span> <span class='ocrx_word' id='word_1_255' title='bbox 761 3359 853 3426; x_wconf 87' lang='lat' dir='ltr'><strong>‘Hic</strong></span> <span class='ocrx_word' id='word_1_256' title='bbox 878 3365 992 3426; x_wconf 87' lang='lat' dir='ltr'><strong>autem</strong></span> <span class='ocrx_word' id='word_1_257' title='bbox 1013 3358 1112 3426; x_wconf 84' lang='lat' dir='ltr'><strong>Chilo</strong></span> <span class='ocrx_word' id='word_1_258' title='bbox 1133 3359 1338 3445; x_wconf 79' lang='lat' dir='ltr'><strong>praestubilis</strong></span> 
     </span>
     <span class='ocr_line' id='line_1_32' title="bbox 243 3453 1338 3547; baseline 0.007 -29"><span class='ocrx_word' id='word_1_259' title='bbox 243 3453 361 3523; x_wconf 70' lang='lat' dir='ltr'><strong>bomo!</strong></span> <span class='ocrx_word' id='word_1_260' title='bbox 405 3457 646 3526; x_wconf 86' lang='lat' dir='ltr'><strong>Desiderautur</strong></span> <span class='ocrx_word' id='word_1_261' title='bbox 674 3461 774 3544; x_wconf 80' lang='lat' dir='ltr'><strong>igitur</strong></span> <span class='ocrx_word' id='word_1_262' title='bbox 799 3471 907 3530; x_wconf 90' lang='lat' dir='ltr'><strong>totum</strong></span> <span class='ocrx_word' id='word_1_263' title='bbox 928 3469 1033 3547; x_wconf 83' lang='lat' dir='ltr'><strong>caput</strong></span> <span class='ocrx_word' id='word_1_264' title='bbox 1053 3463 1214 3547; x_wconf 80' lang='lat' dir='ltr'><strong>primurn:</strong></span> <span class='ocrx_word' id='word_1_265' title='bbox 1235 3467 1270 3526; x_wconf 86' lang='lat' dir='ltr'><strong>at</strong></span> <span class='ocrx_word' id='word_1_266' title='bbox 1283 3479 1338 3526; x_wconf 81' lang='lat' dir='ltr'><strong>ne-</strong></span> 
     </span>
     <span class='ocr_line' id='line_1_33' title="bbox 244 3559 1338 3646; baseline 0.005 -24"><span class='ocrx_word' id='word_1_267' title='bbox 244 3559 391 3626; x_wconf 82' lang='lat' dir='ltr'><strong>cundum</strong></span> <span class='ocrx_word' id='word_1_268' title='bbox 414 3581 522 3646; x_wconf 81' lang='lat' dir='ltr'><strong>usque</strong></span> <span class='ocrx_word' id='word_1_269' title='bbox 540 3563 584 3628; x_wconf 78' lang='lat' dir='ltr'><strong>ad</strong></span> <span class='ocrx_word' id='word_1_270' title='bbox 607 3566 647 3628; x_wconf 77' lang='grc' dir='ltr'><strong>τὰ</strong></span> <span class='ocrx_word' id='word_1_271' title='bbox 670 3561 787 3630; x_wconf 72' lang='lat' dir='ltr'><strong>delarue</strong></span> <span class='ocrx_word' id='word_1_272' title='bbox 807 3573 865 3642; x_wconf 71' lang='grc' dir='ltr'><strong>πῶς</strong></span> <span class='ocrx_word' id='word_1_273' title='bbox 886 3562 981 3642; x_wconf 70' lang='grc' dir='ltr'><strong>εἴωθας</strong></span> <span class='ocrx_word' id='word_1_274' title='bbox 1003 3567 1039 3631; x_wconf 84' lang='lat' dir='ltr'><strong>in</strong></span> <span class='ocrx_word' id='word_1_275' title='bbox 1056 3565 1166 3630; x_wconf 74' lang='lat' dir='ltr'><strong>verbis</strong></span> <span class='ocrx_word' id='word_1_276' title='bbox 1180 3560 1338 3628; x_wconf 77' lang='lat' dir='ltr'><strong>Arriani:</strong></span> 
     </span>
     <span class='ocr_line' id='line_1_34' title="bbox 243 3659 1338 3753; baseline 0.002 -27"><span class='ocrx_word' id='word_1_277' title='bbox 243 3679 387 3745; x_wconf 75' lang='lat' dir='ltr'><strong>quaeque</strong></span> <span class='ocrx_word' id='word_1_278' title='bbox 401 3663 520 3730; x_wconf 88' lang='lat' dir='ltr'><strong>borum</strong></span> <span class='ocrx_word' id='word_1_279' title='bbox 536 3671 718 3750; x_wconf 87' lang='lat' dir='ltr'><strong>sequuntur</strong></span> <span class='ocrx_word' id='word_1_280' title='bbox 738 3675 818 3753; x_wconf 86' lang='lat' dir='ltr'><strong>post</strong></span> <span class='ocrx_word' id='word_1_281' title='bbox 832 3664 1055 3750; x_wconf 61' lang='lat' dir='ltr'><strong>passima·</strong></span> <span class='ocrx_word' id='word_1_282' title='bbox 1076 3659 1338 3750; x_wconf 58' lang='lat' dir='ltr'><strong>campum:</strong></span> 
     </span>
     <span class='ocr_line' id='line_1_35' title="bbox 242 3765 1338 3855; baseline 0.003 -29"><span class='ocrx_word' id='word_1_283' title='bbox 242 3770 278 3826; x_wconf 88' lang='lat' dir='ltr'><strong>ct</strong></span> <span class='ocrx_word' id='word_1_284' title='bbox 291 3765 414 3848; x_wconf 90' lang='lat' dir='ltr'><strong>capitis</strong></span> <span class='ocrx_word' id='word_1_285' title='bbox 436 3767 527 3834; x_wconf 92' lang='lat' dir='ltr'><strong>tertii</strong></span> <span class='ocrx_word' id='word_1_286' title='bbox 549 3769 761 3853; x_wconf 87' lang='lat' dir='ltr'><strong>principium,</strong></span> <span class='ocrx_word' id='word_1_287' title='bbox 783 3772 874 3855; x_wconf 87' lang='lat' dir='ltr'><strong>quod</strong></span> <span class='ocrx_word' id='word_1_288' title='bbox 897 3771 990 3838; x_wconf 82' lang='lat' dir='ltr'><strong>Guil.</strong></span> <span class='ocrx_word' id='word_1_289' title='bbox 1005 3769 1152 3836; x_wconf 80' lang='lat' dir='ltr'><strong>Cautero</strong></span> <span class='ocrx_word' id='word_1_290' title='bbox 1167 3765 1338 3832; x_wconf 80' lang='lat' dir='ltr'><strong>debemus.</strong></span> 
     </span>
     <span class='ocr_line' id='line_1_36' title="bbox 245 3857 1339 3956; baseline 0.006 -31"><span class='ocrx_word' id='word_1_291' title='bbox 245 3861 298 3926; x_wconf 89' lang='lat' dir='ltr'><strong>De</strong></span> <span class='ocrx_word' id='word_1_292' title='bbox 312 3865 514 3934; x_wconf 85' lang='lat' dir='ltr'><strong>Canteriauo</strong></span> <span class='ocrx_word' id='word_1_293' title='bbox 529 3877 640 3935; x_wconf 84' lang='lat' dir='ltr'><strong>tumen</strong></span> <span class='ocrx_word' id='word_1_294' title='bbox 654 3857 756 3938; x_wconf 83' lang='lat' dir='ltr'><strong>babet</strong></span> <span class='ocrx_word' id='word_1_295' title='bbox 780 3872 871 3937; x_wconf 89' lang='lat' dir='ltr'><strong>‘Hic</strong></span> <span class='ocrx_word' id='word_1_296' title='bbox 884 3873 1021 3952; x_wconf 87' lang='lat' dir='ltr'><strong>autem,&#39;</strong></span> <span class='ocrx_word' id='word_1_297' title='bbox 1037 3869 1129 3956; x_wconf 91' lang='lat' dir='ltr'><strong>quod</strong></span> <span class='ocrx_word' id='word_1_298' title='bbox 1143 3870 1179 3936; x_wconf 93' lang='lat' dir='ltr'><strong>in</strong></span> <span class='ocrx_word' id='word_1_299' title='bbox 1193 3867 1339 3952; x_wconf 75' lang='lat' dir='ltr'><strong>vulgatis</strong></span> 
     </span>
     <span class='ocr_line' id='line_1_37' title="bbox 244 3967 1339 4060; baseline 0.012 -35"><span class='ocrx_word' id='word_1_300' title='bbox 244 3967 341 4028; x_wconf 82' lang='lat' dir='ltr'><strong>anteo</strong></span> <span class='ocrx_word' id='word_1_301' title='bbox 367 3967 490 4037; x_wconf 84' lang='lat' dir='ltr'><strong>deerat.</strong></span> <span class='ocrx_word' id='word_1_302' title='bbox 548 3971 711 4051; x_wconf 81' lang='lat' dir='ltr'><strong>Quintum</strong></span> <span class='ocrx_word' id='word_1_303' title='bbox 739 3975 859 4042; x_wconf 91' lang='lat' dir='ltr'><strong>librum</strong></span> <span class='ocrx_word' id='word_1_304' title='bbox 886 3975 1020 4060; x_wconf 84' lang='lat' dir='ltr'><strong>excipit</strong></span> <span class='ocrx_word' id='word_1_305' title='bbox 1043 3972 1228 4058; x_wconf 84' lang='lat' dir='ltr'><strong>septimus:</strong></span> <span class='ocrx_word' id='word_1_306' title='bbox 1263 3969 1339 4056; x_wconf 85' lang='lat' dir='ltr'><strong>post</strong></span> 
     </span>
     <span class='ocr_line' id='line_1_38' title="bbox 244 4061 1338 4165; baseline 0.009 -38"><span class='ocrx_word' id='word_1_307' title='bbox 244 4061 332 4144; x_wconf 83' lang='lat' dir='ltr'><strong>bunc</strong></span> <span class='ocrx_word' id='word_1_308' title='bbox 347 4064 506 4138; x_wconf 88' lang='lat' dir='ltr'><strong>lemmata</strong></span> <span class='ocrx_word' id='word_1_309' title='bbox 520 4076 620 4155; x_wconf 84' lang='lat' dir='ltr'><strong>sexti,</strong></span> <span class='ocrx_word' id='word_1_310' title='bbox 645 4075 754 4162; x_wconf 88' lang='lat' dir='ltr'><strong>deque</strong></span> <span class='ocrx_word' id='word_1_311' title='bbox 777 4079 856 4165; x_wconf 88' lang='lat' dir='ltr'><strong>ipso</strong></span> <span class='ocrx_word' id='word_1_312' title='bbox 879 4077 993 4164; x_wconf 83' lang='lat' dir='ltr'><strong>capite</strong></span> <span class='ocrx_word' id='word_1_313' title='bbox 1011 4077 1074 4144; x_wconf 85' lang='lat' dir='ltr'><strong>tria</strong></span> <span class='ocrx_word' id='word_1_314' title='bbox 1087 4077 1227 4163; x_wconf 74' lang='lat' dir='ltr'><strong>integro,</strong></span> <span class='ocrx_word' id='word_1_315' title='bbox 1241 4091 1338 4160; x_wconf 87' lang='lat' dir='ltr'><strong>quar·</strong></span> 
     </span>
    </p>
   </div>
   <div class='ocr_carea' id='block_1_3' title="bbox 0 0 1523 4724">
    <p class='ocr_par' dir='ltr' id='par_1_3' title="bbox 0 0 1523 4724">
     <span class='ocr_line' id='line_1_39' title="bbox 0 0 1523 4724; baseline 0 0"><span class='ocrx_word' id='word_1_316' title='bbox 0 0 1523 4724; x_wconf 95' lang='lat' dir='ltr'><strong> </strong></span> 
     </span>
    </p>
   </div>
  </div>
 </body>
</html>
