3014 4724
216 195 267 260 36.
509 202 766 258 cuntsurartus
791 195 1008 254 sanemus

217 351 292 416 199.
337 349 430 414 Huic
445 347 586 430 demque
599 343 761 410 debemus
775 342 948 410 Sermones
958 349 990 409 et
1003 346 1221 426 gravissimas
1229 347 1310 414 Phi-

215 452 429 535 losophornm
455 449 510 512 sui
536 446 698 530 temporis
714 447 906 523 sententies,
933 465 1017 530 quas
1039 465 1084 512 ex
1105 467 1163 512 ore
1178 449 1312 516 illorum

216 553 317 617 avide
332 552 487 633 excepit:
510 551 578 614 imo
594 549 626 613 si
644 549 680 612 in
704 549 791 613 vivis
805 549 912 614 adhuc
931 555 1047 614 essent
1061 548 1262 616 Macrobius
1277 557 1313 617 et

218 654 354 720 Nonius
377 649 572 727 Marcellus,
599 650 659 732 qui
687 648 835 714 Gellium
858 669 922 714 non
948 669 1023 714 rero
1050 651 1311 733 exscripserunt,

216 753 357 840 (nequid
372 753 484 818 dicam
498 751 539 816 de
553 749 734 817 Ammiano
760 749 969 829 Marcellino,
991 771 1091 833 quem
1112 754 1312 834 pertinacis·
1353 815 1356 826 ,

218 857 338 922 murum
360 853 463 920 Gellii
485 854 682 920 imitatorem
696 860 795 918 uocat
817 853 971 918 Pricaeus
985 852 1030 917 ad
1044 852 1200 918 Milesias
1213 853 1312 938 Apu·
1342 855 1347 876 ¹

217 959 275 1024 leii
287 978 321 1041 p.
335 953 428 1040 487.)
440 957 630 1034 faterentur,
644 957 710 1020 nisi
727 955 816 1020 t'orte
829 955 938 1038 pudor
952 957 1111 1034 obstaret,
1131 957 1311 1041 plurimum

217 1060 343 1146 fructus
357 1077 402 1122 ex
418 1057 586 1122 Noctibus
600 1055 726 1122 Atticis
748 1058 781 1120 in
804 1055 955 1138 quolibet
975 1055 1043 1120 lere
1057 1058 1241 1136 argumenti
1255 1077 1312 1139 ge-

218 1180 296 1226 nere
311 1160 439 1243 percipi
452 1179 569 1243 posse:
600 1158 842 1222 ulciscerentur
862 1155 1014 1239 profecto
1037 1155 1315 1241 Gelliomastiges

218 1271 366 1341 nostros,
378 1280 560 1344 coriumque
571 1260 745 1325 lasciviam
764 1256 967 1322 coercerent.
1010 1257 1128 1324 Taceo
1142 1258 1185 1324 de
1199 1260 1314 1344 Scrip-

219 1367 264 1432 tis
282 1365 493 1440 Gritioorum,
516 1382 592 1446 quae
617 1363 658 1425 in'
677 1361 884 1425 'thesaurum
906 1377 1005 1424 suum
1029 1359 1094 1425 Vir
1116 1361 1314 1427 immortalis

219 1466 329 1532 Ianus
342 1464 507 1527 Gruterus
529 1463 715 1544 congessit:
750 1461 831 1544 quid
854 1462 889 1524 in
909 1460 964 1524 his
978 1463 1109 1528 nomine
1125 1468 1158 1528 et
1172 1464 1313 1528 auctori·

220 1574 290 1631 tete
313 1564 416 1629 Gellii
436 1563 662 1646 frequentiust
685 1562 800 1627 Taceo
824 1562 867 1626 de
891 1565 1171 1647 praestantissimo
1194 1564 1312 1648 quouis

218 1667 316 1743 libro,
330 1665 390 1748 qui
404 1665 448 1728 ad
461 1665 699 1730 humanitatem
715 1667 880 1760 pertinet3
909 1667 967 1731 hic
981 1685 1111 1749 semper
1123 1668 1191 1730 tere
1205 1669 1312 1731 maxi-

128 1809 133 1818 ·
219 1785 308 1832 mam
328 1770 458 1849 purtem
477 1779 527 1828 ‘ex
549 1765 663 1830 Gellio
677 1765 852 1834 conflatur.
897 1767 970 1850 Ego
985 1768 1137 1851 prolecto
1151 1769 1314 1834 affirmare

219 1887 370 1952 possum
384 1867 545 1930 neminem
558 1865 732 1945 Veterum,
749 1887 826 1934 cnm
847 1865 1060 1945 Quaestiones
1073 1888 1166 1934 meas
1186 1869 1313 1935 Roma·

220 1991 281 2036 nes
293 1971 368 2036 sive
383 1969 501 2034 Ideam
515 1969 677 2033 Historiae
692 1969 867 2036 litterariae
892 1970 1117 2037 Romanorum
1133 1991 1312 2056 compone·

220 2071 434 2155 rem,majori
448 2070 668 2152 crebriorique
683 2070 886 2148 usuiluisse,
910 2090 1012 2154 quam
1038 2069 1206 2136 Gellium:
1237 2091 1310 2155 ego,

221 2175 353 2256 siquam
373 2171 523 2253 intelligo
545 2163 708 2255 teneoque
735 2169 904 2236 Sermonis
931 2171 1041 2236 Latini
1065 2173 1311 2256 proprietatem,

221 2291 294 2338 eam
308 2291 451 2350 omnem,
466 2272 755 2356 quantulocunque
768 2277 832 2351 est,
848 2271 959 2337 Gellio
968 2293 1020 2336 me
1035 2272 1155 2337 debere
1169 2272 1283 2338 lateor.

472 2544 527 2592 lll.
573 2543 597 2591 A
624 2543 738 2592 DULOl
763 2540 849 2588 SIVE
872 2539 1060 2588 JUCUNDO.
1193 2533 1202 2544 ‘

265 2673 367 2752 Quod
392 2674 645 2758 prudentissimi
667 2677 829 2760 cujusque
856 2675 1036 2758 Scriptoris
1050 2672 1247 2751 est,callide
1260 2677 1312 2740 vi·

222 2777 311 2852 dere,
325 2782 365 2838 ut
379 2779 389 2810 ‘
405 2775 532 2858 duplex
542 2776 647 2842 libelli
662 2778 726 2842 dos
741 2777 806 2855 sit,’
820 2775 926 2863 (quod
939 2777 987 2842 eit
1000 2776 1162 2840 Phaedrus
1177 2775 1321 2859 Proloq-

223 2893 258 2936 v.
272 2874 321 2958 3.)
339 2883 378 2939 nt
400 2878 566 2944 ‘misceat
588 2879 668 2945 utile
691 2880 806 2958 dulci,'
832 2885 989 2944 monente
1013 2878 1158 2943 Horatio
1172 2878 1213 2942 de
1229 2877 1312 2948 Arte

222 2975 320 3039 Pete
335 2993 369 3037 v.
382 2977 456 3043 34&
472 2979 507 3042 id
520 3000 600 3045 vero
615 2979 742 3045 Noster
756 2981 946 3046 enitendum
958 2981 1025 3046 sibi
1039 2980 1147 3056 duxit,
1156 2987 1192 3044 ut
1201 2981 1311 3046 varias
1379 3013 1384 3020 ·

221 3076 442 3155 amoenitates,
457 3081 549 3144 varin
563 3079 651 3145 velut
666 3083 881 3164 antiquarum
892 3101 999 3146 rerum
1012 3081 1206 3166 spectacula
1212 3081 1311 3144 nobis

221 3175 401 3244 identidem
415 3180 600 3260 exhiheret,
616 3181 781 3275 adeoque,
806 3183 899 3267 quod
915 3183 957 3248 de
974 3203 1012 3248 se
1024 3189 1165 3248 testatur
1181 3182 1312 3248 Plinius

220 3277 342 3347 sonim
356 3279 413 3344 lib.
430 3295 470 3343 ιι.
484 3281 592 3365 Epist.
607 3286 638 3348 5.
656 3289 666 3318 ‘
683 3285 866 3366 quamlibet
880 3285 1013 3350 diuersa
1024 3287 1312 3368 generaleeterum

220 3399 285 3462 per
297 3381 412 3463 plnres
424 3383 558 3448 dicendi
572 3385 706 3468 species
718 3388 863 3451 teneret.¹
903 3387 1169 3452 Exhibetautem
1176 3386 1248 3469 jam
1261 3385 1311 3448 lu·

222 3481 285 3546 dos
310 3481 598 3567 Philosophorum,
615 3483 783 3551 doctrinas
805 3496 840 3553 et
854 3490 1047 3572 captionum
1060 3487 1312 3552 dialecticarum

220 3581 414 3650 formidines
423 3585 675 3650 ostentantium:
694 3586 765 3670 jem
776 3591 972 3656 certationes
982 3589 1005 3654 J
1007 3589 1155 3666 Gtornrn,
1170 3587 1213 3650 de
1225 3586 1309 3650 anti-

220 3703 285 3764 quo
299 3685 376 3768 jure
391 3687 679 3754 contendentium:
702 3691 788 3756 alias
807 3691 1042 3758 meditamento
1065 3687 1310 3756 Grammatico·

104 3817 106 3822 ι
220 3803 302 3860 rum,
318 3789 428 3854 variae
450 3791 677 3873 quaestionum
690 3792 882 3875 praestigias
897 3793 1111 3877 captantium,
1133 3800 1169 3857 et
1183 3791 1310 3856 similes

220 3881 416 3965 delicies,nt
430 3911 496 3957 non
514 3895 702 3976 possitnon
715 3895 846 3960 animus
856 3895 995 3979 legentis
1004 3895 1106 3962 sicuti
1117 3893 1310 3961 stomachus

219 3982 373 4067 pluribus
387 3991 472 4057 cibis
486 3996 612 4060 minore
627 3995 765 4062 fastidio
783 3996 837 4062 ali.
951 4043 953 4050 -
