3014 4724
550 217 553 224 '
616 241 819 290 rnnrrrro.
1225 229 1266 304 17

174 385 293 468 pulsus
308 403 385 466 ergo
398 383 444 448 fni
461 389 495 448 et
509 382 595 447 benc
610 400 748 446 causam
763 399 909 460 noscere,
920 403 985 450 non
999 387 1120 452 solitus
1134 386 1267 451 iudicer

176 505 310 566 curare;
331 493 365 550 et
384 487 506 570 reperi,
520 504 595 549 cunr
607 485 680 567 jam
696 481 827 566 pridem
840 485 1092 567 imprimendum
1107 481 1267 552 dederam

177 589 320 665 mutatis,
336 607 414 671 quae
430 606 490 670 per
503 586 702 650 occasiones
718 584 916 664 corrigenda
928 585 1006 649 mibi
1022 589 1268 654 obvenerantet

131 721 135 730 ·
175 696 376 767 notaveram,
401 709 485 754 sane
508 687 626 752 leviter
646 705 685 752 se
711 685 930 752 auferendum
955 687 1137 768 praebuisse
1160 691 1267 758 virum

175 789 269 880 illum
294 793 398 856 variae
421 791 550 875 oppido
574 789 714 854 notitioe.
758 787 881 870 Neque
903 788 990 852 enim
1015 788 1115 852 index
1139 791 1201 854 iste
1216 797 1269 856 est

174 895 361 958 accuratior
374 891 644 978 praecedentibus
656 890 871 968 editionibus,
886 895 1005 973 utpote
1019 889 1130 952 viliter
1145 907 1188 952 ex
1201 893 1269 958 illis

174 993 410 1076 transcriptus,
432 989 659 1056 tantummodo
679 999 717 1054 nt
738 992 904 1074 quaedam,
920 991 980 1055 sed
1004 1009 1116 1074 panca
1137 993 1270 1056 nomina

175 1094 411 1158 emendatiora
431 1111 491 1177 per
505 1091 593 1156 viros
607 1091 723 1158 doctos
745 1094 781 1158 in
803 1093 870 1158 alia
891 1092 972 1156 loca
994 1093 1213 1170 transtulerit,
1235 1101 1271 1158 ut

179 1191 223 1256 L.
240 1191 353 1260 Accius
374 1213 416 1260 err
431 1191 550 1268 Attius,
573 1213 649 1260 cum
664 1195 813 1278 alioquin
835 1201 902 1260 tam
926 1195 1048 1260 fuerim
1071 1194 1221 1271 absurdi,
1236 1202 1273 1258 ut

178 1304 214 1361 et
228 1315 292 1362 suro
308 1297 421 1362 ordine
436 1303 566 1381 ponant
581 1293 686 1361 AEliua
703 1294 817 1360 Gallus
830 1298 882 1362 16.
898 1301 933 1363 5.
952 1305 988 1362 et
1010 1297 1171 1362 retineant
1193 1317 1273 1362 mox

182 1394 322 1462 cecilius
349 1395 464 1462 Gallus
479 1397 558 1462 libro
577 1397 705 1463 secundo
720 1397 758 1462 de
772 1398 932 1464 verborum
950 1397 1183 1486 rigufficotr'oue,
1208 1419 1273 1483 quo

178 1495 221 1562 cd
234 1501 292 1585 jus
310 1500 466 1583 pertinent
481 1500 536 1564 16.
552 1502 584 1564 5.
630 1501 685 1564 lta
705 1501 799 1566 vides
821 1501 900 1566 illos
924 1502 989 1566 sibi
1019 1520 1085 1564 non
1107 1507 1273 1564 constare.
1333 1503 1339 1512 “

177 1599 242 1664 Sed
258 1601 396 1684 perinde
412 1608 451 1666 ut
466 1603 509 1666 ab
525 1601 707 1684 prioribus,
719 1602 826 1666 editur
843 1599 894 1664 M.
907 1601 1016 1666 Attius
1029 1600 1166 1666 Plautus
1177 1602 1211 1666 iu
1225 1623 1274 1666 co-

178 1701 287 1766 modia
306 1705 333 1766 1.
348 1705 381 1768 7.
396 1702 487 1786 quod
503 1709 556 1767 est
570 1703 674 1780 nihili,
700 1703 837 1786 perinde
860 1702 1039 1768 Aristoteles
1057 1725 1123 1768 non
1143 1712 1274 1769 tantum

181 1803 215 1866 in
226 1804 314 1870 libro
329 1805 383 1869 22.
404 1805 436 1870 3.
452 1805 585 1883 citatur,
601 1805 659 1870 sed
680 1807 783 1870 etiam
797 1807 832 1870 iu
844 1804 1087 1892 problematibus
1101 1803 1275 1868 Acrocticis

180 1904 231 1970 20.
247 1905 549 1988 perinde'scribnnt
565 1904 771 1986 Bccobr'b'des,
784 1906 922 1992 perinde
935 1903 1043 1981 Cures,
1055 1904 1192 1986 perinde
1208 1901 1276 1966 Eu·

179 2006 246 2070 uiue
260 2007 292 2070 iu
311 2005 477 2092 lpbigenr'o
491 2007 544 2072 19.
560 2009 660 2074 1.10.
676 2009 811 2092 perinde
836 2005 1004 2090 Euripides
1021 2005 1075 2070 23.
1090 2007 1122 2069 7.
1137 2004 1275 2086 perinde

180 2105 365 2171 Heraclitus
382 2105 532 2188 Ephesius
546 2109 668 2170 2010.
692 2107 818 2188 aliique
842 2125 970 2170 errores
993 2107 1028 2168 in
1043 2106 1188 2169 numeris
1209 2123 1277 2168 ser·

179 2209 264 2285 vati,
279 2207 418 2290 perinde
436 2203 589 2270 Laberius
603 2205 637 2268 iu
652 2203 825 2284 Fullouico,
840 2205 977 2290 perinde
996 2204 1156 2271 Cornelius
1175 2203 1277 2291 Nepos

179 2309 218 2374 de
233 2307 310 2372 uiris
325 2305 498 2372 illustribus
514 2309 546 2371 l.
562 2307 614 2372 18.
629 2327 692 2390 pro
706 2307 757 2370 ll.
768 2309 801 2373 8.
817 2307 956 2390 perinde
971 2305 1087 2374 Latius
1108 2305 1206 2388 Felix,
1222 2312 1276 2374 15.

179 2413 210 2478 7.
226 2411 308 2495 quin
323 2411 426 2474 immo
440 2410 578 2493 perinde
606 2405 783 2472 Massurius
810 2407 946 2472 Sabinus
967 2407 1054 2474 libris
1066 2410 1153 2496 juris
1168 2410 1277 2491 civilis,

180 2533 245 2580 non
258 2531 421 2597 expresso
445 2512 522 2578 libri
543 2519 578 2576 et
600 2511 724 2594 capitis
738 2529 886 2588 numero,
911 2510 1048 2593 perinde
1062 2512 1105 2576 P.
1123 2511 1278 2593 Nigidius

182 2616 332 2699 Figulus.
349 2661 357 2678 .
373 2657 382 2674 .
398 2614 450 2678 18.
465 2615 498 2678 4.
521 2613 574 2678 14.
599 2613 630 2676 1.
654 2619 694 2676 nt
718 2611 766 2674 sic
792 2611 911 2674 librum
935 2616 1091 2694 quartum
1114 2610 1278 2676 decimum

182 2717 336 2782 ordinent
350 2722 426 2798 post
438 2727 598 2780 octavum
612 2713 790 2792 decimum,
805 2713 941 2796 perinde
956 2709 1088 2776 Porcius
1106 2710 1188 2776 Coto
1208 2733 1278 2776 cou-

184 2826 235 2878 trc
252 2813 382 2878 Furium
394 2825 423 2878 rt
434 2837 493 2898 pro
506 2812 684 2892 Ptolrm'ceo,
699 2819 733 2879 et
747 2813 774 2875 ri
785 2833 815 2876 se
829 2811 946 2878 Caelius
962 2811 999 2880 Τ.
1013 2811 1059 2879 R.
1070 2811 1112 2878 P.
1127 2811 1155 2878 I.
1172 2811 1277 2899 appel-

183 2915 288 2992 louet,
304 2923 337 2980 et
352 2917 420 2980 alia
434 2917 609 2999 ejusmodi,
625 2937 703 3000 quae
719 2923 796 2980 suut
809 2924 999 2999 propagata
1008 2916 1093 2999 jam,
1109 2918 1199 3002 quod
1216 2921 1274 2985 vix

183 3017 313 3095 credas,
325 3037 370 3082 ex
380 3017 525 3082 editione
540 3018 713 3102 Stephani,
730 3025 765 3082 et
775 3025 812 3080 ut
825 3037 913 3082 nuuc
929 3037 996 3082 non
1007 3027 1202 3102 appareant,
1218 3040 1277 3084 cu·

182 3128 290 3184 ratem
304 3139 364 3202 per
377 3139 432 3184 me
447 3125 510 3196 est,
524 3119 678 3202 alioquin
698 3119 835 3182 minime
857 3120 890 3182 in
905 3118 970 3184 hac
986 3127 1083 3202 parte
1097 3122 1276 3186 solicitum.

184 3219 259 3286 lmo
272 3221 431 3302 praeclare
443 3220 513 3284 illic
532 3239 698 3302 agnoscas
720 3221 781 3285 bas
792 3221 975 3302 pravitates
988 3228 1116 3298 unctas,
1130 3222 1186 3286 vel
1199 3221 1279 3284 dum

184 3321 288 3386 edum
305 3317 343 3382 C.
358 3316 483 3380 Atteiur
501 3317 613 3402 Capito
629 3321 682 3385 12.
697 3321 729 3386 2.
743 3321 776 3386 2.
791 3323 846 3388 24.
862 3339 936 3388 cum
951 3329 1049 3388 antea
1064 3321 1215 3386 ederetur
1225 3319 1278 3384 12.

181 3423 214 3490 2.
228 3422 283 3488 24.
300 3421 359 3484 ubi
379 3439 534 3484 numerus
549 3421 675 3503 primns
697 3423 843 3488 omissus
867 3425 902 3488 in
925 3425 1106 3507 principio;
1129 3421 1182 3486 vel
1199 3418 1279 3484 dum

183 3525 284 3590 edum
300 3521 352 3586 M.
371 3517 530 3586 Terentius
548 3515 579 3582 V
576 3543 650 3584 erro
671 3543 732 3587 uuo
751 3534 780 3586 et
802 3524 941 3590 uicesimo
957 3542 1060 3587 rerum
1075 3521 1280 3584 bumanorum

184 3628 235 3693 ll.
253 3626 351 3694 118
369 3623 494 3690 1213.
538 3623 619 3689 Hoc
634 3625 723 3690 enim
746 3627 878 3709 proprie
902 3626 1051 3708 ipsorum
1066 3627 1131 3697 est,
1151 3640 1212 3684 nec
1235 3623 1282 3684 ite

186 3727 356 3796 exhibetur
370 3727 404 3790 in
427 3725 606 3808 prioribus.
650 3725 773 3810 Itaque
798 3724 926 3806 inquire
945 3725 1018 3788 ista.
1063 3721 1205 3786 Perinde
1232 3721 1281 3784 di·

187 3837 299 3912 gerunt
317 3825 442 3892 Verrius
457 3835 538 3910 post
558 3825 721 3915 Virgilius,
746 3823 908 3908 Epictetus
933 3827 1012 3904 post
1036 3819 1201 3906 Epicureo.
1244 3823 1281 3886 Si

186 3929 301 4012 placet
323 3939 435 3995 tamen
451 3931 548 4007 scire,
571 3931 608 3994 in
623 3949 692 4014 qno
705 3927 848 3992 fecerint
869 3921 1014 4010 indicem
1030 3924 1282 3999 accuratiorem,

187 4031 341 4112 estquod
363 4030 564 4096 addiderunt
588 4027 756 4094 Juurutius
773 4025 824 4088 18.
841 4024 894 4088 12.
910 4019 1078 4102 ignoratus
1104 4024 1284 4112 Stephano.

251 4145 337 4211 bear.
345 4151 369 4198 et
379 4148 440 4200 νιν.
451 4146 517 4196 cler.
691 4143 724 4193 Δ.
739 4141 802 4190 Geli.
1195 4140 1217 4188 Β
