3014 4724
567 211 689 260 sunnx
715 212 892 264 ussuruu.
1234 203 1277 267 69

216 362 257 408 lu.
273 355 362 406 Verba
380 355 446 418 irasc,
469 353 477 383 ⁶
496 358 594 417 prater
613 350 739 417 propter,’
764 352 791 402 in
810 367 857 402 uso
875 355 945 419 vulgi
967 355 1081 420 prodita,
1102 355 1183 407 etiarn
1200 355 1278 409 liunil

191 435 352 574 summit
363 527 450 564 sersus
461 513 578 563 Platonis
593 511 744 574 amatorios,
763 525 827 576 quos
846 510 983 562 admodum
1000 513 1103 576 juvenis
1121 517 1193 579 lusit,
1214 518 1276 570 dnn

189 593 475 660 tragodiiscoutendit.

220 677 259 726 li.
275 671 435 724 Dissertatio
444 670 555 721 Herodis
568 670 650 721 Attici
660 683 738 734 super
749 669 775 719 ri
787 674 814 718 et
823 673 916 718 natura
925 668 1138 736 dolorla,suaqus
1149 675 1276 738 opinionis

188 752 320 806 affirmatio
331 766 379 816 per
391 751 538 814 exemplum
549 749 645 800 indocti
656 748 757 812 rustici,
776 748 823 813 qul
841 761 900 798 curn
918 748 989 798 rubis
1005 747 1155 801 fructiferas
1172 754 1277 807 arbores

187 834 347 966 9¹:3⁶3oe
363 913 371 940 ‘
384 907 679 975 pomiliouoa'dlcirnns,
690 905 876 958 Graecanicam
887 907 1023 973 appellari.

220 999 260 1043 la.
277 993 514 1053 contemporaneos
525 987 605 1038 luisse
617 988 713 1038 Cosani
727 995 754 1039 et
766 988 886 1038 Ciceroni
897 988 937 1038 hi.
948 989 1092 1039 Varronem
1111 995 1140 1040 et
1158 989 1189 1038 P.
1207 990 1277 1056 Nigl.

188 1073 258 1122 dium
279 1069 366 1120 atatis
385 1082 439 1117 soa
459 1067 615 1116 doctissimos
635 1066 776 1117 Romanos:
798 1075 827 1118 et
845 1068 914 1133 quod
935 1067 1035 1132 Nigidii
1052 1069 1279 1123 commentationes

188 1155 297 1215 propter
307 1161 394 1198 earum
407 1146 588 1198 obscuritatem
599 1147 823 1213 subtilitatemque
833 1147 861 1198 ln
871 1150 963 1213 vulgus
974 1163 1025 1200 non
1036 1154 1140 1200 meunt.

502 1350 673 1400 commacu
689 1349 804 1410 nussiam
819 1349 869 1400 lsoec
884 1327 974 1400 ismat'.

222 1492 245 1538 l.
263 1485 423 1549 Disceptatio
434 1484 495 1536 Sex.
506 1485 606 1536 cecilii
619 1485 791 1550 jureconsulti
808 1497 835 1536 et
846 1486 966 1538 Favorini
979 1486 1123 1552 philosophi
1135 1485 1168 1536 ria
1179 1485 1278 1550 legibus

189 1566 325 1618 duodecim
336 1567 491 1616 tabularum.
927 1559 930 1564 “

222 1651 247 1698 2.
263 1645 425 1696 Vocabulum
441 1647 449 1674 ⁴
462 1643 606 1696 siticlunm'
622 1644 648 1693 ln
660 1643 699 1693 ht.
712 1643 817 1693 Catonis
827 1645 941 1696 oratioue
952 1645 1012 1710 quici
1024 1645 1161 1711 siguificat.

223 1731 247 1776 a.
262 1728 345 1778 Quam
356 1726 388 1776 ob
399 1739 503 1776 causam
516 1725 546 1774 1..
557 1724 652 1774 Accius
664 1723 743 1788 poita
755 1725 781 1772 in
794 1725 958 1788 pragmaticis
974 1725 1137 1776 ‘sicinnistas
1154 1726 1278 1777 nebuloso

192 1805 307 1856 nomiue'
319 1819 376 1856 esse
387 1804 493 1854 dixerit.

223 1888 249 1936 a.
264 1883 401 1934 Artificum
418 1882 577 1932 scenicorum
596 1881 708 1931 studium
725 1893 891 1944 amoremque
908 1879 1071 1930 inhonestum
1082 1880 1282 1948 probrosumque

193 1977 265 2014 essa:
283 1969 311 2012 et
321 1975 401 2026 snper
411 1974 443 2010 ea
453 1975 482 2010 rs
492 1959 571 2010 sorba
581 1959 729 2010 Aristotelis
742 1960 883 2024 philosophi
894 1958 1018 2022 ascripta.

225 2049 250 2094 b.
266 2041 393 2102 Exempla
410 2039 585 2102 Epistoiarum
601 2039 742 2088 Alexandri
759 2040 827 2102 regis
844 2047 872 2090 et
882 2038 1033 2088 Aristotelis
1044 2038 1187 2104 philosophi
1198 2039 1236 2090 ita
1247 2040 1284 2090 uti

194 2127 255 2170 snut
265 2119 350 2169 edita:
368 2130 450 2182 eaque
462 2119 487 2165 in
498 2118 611 2180 linguam
624 2117 742 2166 latinam
753 2131 836 2167 sessa.

226 2201 251 2246 o.
267 2195 409 2248 Quaesitum
428 2203 506 2260 atque
524 2199 672 2256 tractatum,
692 2201 779 2244 utrum
798 2195 833 2244 sit
852 2194 948 2244 rectius
965 2193 1063 2257 (licere,
1078 2194 1179 2245 ‘habeo
1196 2211 1284 2248 curam

196 2273 297 2334 sestri‚'
314 2278 468 2324 anassirssa.

226 2357 250 2404 l.
268 2353 352 2406 Quam
363 2352 473 2402 (liversis
483 2351 633 2402 Greoorum
646 2351 780 2402 sententie
792 2365 870 2416 super
880 2365 987 2404 numero
998 2353 1089 2405 Nioba
1100 2353 1218 2408 filiorum.

228 2439 252 2482 8.
270 2433 310 2482 De
320 2433 358 2494 iis,
368 2447 425 2498 quse
436 2432 531 2482 babere
541 2429 683 2492 συμπάθειαν
692 2429 812 2480 sidentur
822 2445 881 2481 cnm
893 2431 966 2481 Luna
975 2441 1140 2498 augescente.

227 2519 252 2564 ⁹.
266 2513 392 2566 Qualibus
404 2512 489 2562 serbis
499 2510 626 2562 delectari
637 2511 728 2560 solitus
739 2511 774 2560 sit
787 2509 913 2560 Antonius
924 2509 1042 2562 Julianus
1062 2511 1150 2580 positis
1167 2513 1193 2562 irs
1204 2513 1285 2564 mimi·

197 2594 286 2656 atnbia,
301 2608 364 2658 qnos
375 2594 423 2644 Cn.
433 2592 546 2643 Mattius
556 2589 670 2655 scripsit.
985 2581 988 2588 ⁴

232 2677 270 2722 lb.
286 2673 355 2726 Quid
366 2672 517 2722 vocabulum
534 2677 541 2700 ‘
553 2686 584 2721 es
598 2672 659 2734 jore
670 2683 772 2723 uranum
782 2670 945 2722 consertum'
955 2671 1092 2736 significet.

233 2755 272 2802 ll.
287 2751 354 2804 Quiri
365 2753 399 2802 sit
414 2752 543 2802 ‘sculum'
560 2752 665 2802 verbum
677 2752 787 2816 positum
798 2749 868 2816 spusl
881 2751 920 2802 ui.
928 2752 1080 2802 Varronem.
