3014 4724
628 247 833 298 cumulato.
1238 241 1285 306 13

188 394 257 462 Ubi
274 413 349 460 cnm
364 393 413 460 sic
428 411 536 458 essem
551 389 695 468 inleriol,
717 389 901 456 cavendum
914 391 1073 462 hactenus
1088 399 1220 483 putavi,
1236 423 1280 469 ne

188 497 231 561 ad
247 495 386 580 puerilia
410 513 550 578 prorsus
571 493 804 570 relaberemur,
820 497 853 556 et
874 496 1001 575 passim
1026 499 1213 581 legerentur
1226 525 1278 584 ea,

189 617 265 681 quaa
280 599 336 664 vel
362 598 473 662 nullus
494 597 625 678 ignorat
647 594 704 660 vel
727 594 772 658 ad
787 594 924 658 taedium
946 603 1023 662 sunt
1037 605 1213 671 scribendo
1228 627 1278 672 re-

185 701 300 784 petita,
315 707 406 766 certe
422 699 536 764 omnia
557 698 675 762 melius
701 697 783 762 alibi
808 705 973 776 extarent,
994 701 1081 764 unde
1106 717 1198 772 erant
1219 729 1279 792 per

184 809 334 884 lagaeam
349 802 517 866 calamum
532 803 664 880 arrepta
678 805 738 862 aut
759 799 794 861 in
815 799 949 862 brevius
970 819 1074 883 prave
1096 813 1276 876 contracta.

183 903 225 968 Id
240 905 330 968 enim
346 903 449 985 plane
472 900 631 965 existimo
644 919 709 963 non
723 919 798 964 esse
820 901 919 984 hujus
935 905 1109 987 temporis,
1125 927 1185 972 nec
1200 911 1278 978 Gel-

180 1003 232 1082 lii,
246 1005 376 1088 quippe
400 1003 444 1069 ad
465 1021 565 1085 quem
589 999 760 1082 legendam
776 1001 833 1083 qui
850 1003 948 1078 venit,
964 1005 1073 1086 prima
1087 1007 1147 1073 illa
1161 1011 1278 1096 utique

182 1113 220 1168 et
233 1105 429 1169 continuata
448 1123 509 1188 per
527 1101 615 1186 longi
641 1104 801 1186 temporis
817 1111 968 1170 catenam
983 1107 1195 1177 historiarum
1210 1116 1279 1182 lec·

181 1206 439 1272 tioneinitiatns
461 1207 507 1270 sit
530 1213 675 1290 oportet,
702 1214 741 1270 ut
764 1226 829 1271 non
852 1207 1030 1290 imperitus
1051 1218 1087 1275 et
1111 1211 1188 1278 binc
1203 1223 1277 1283 tan.

181 1327 285 1394 quam
306 1327 367 1392 per
389 1307 562 1374 infantiam
584 1309 747 1375 attonitus
770 1308 813 1374 ad
838 1309 992 1391 quaedam
1022 1312 1127 1380 frusta
1145 1315 1200 1382 bio
1226 1340 1275 1386 re·

178 1411 293 1496 posita
325 1408 473 1474 accedat.
535 1409 657 1476 Recidi
685 1410 786 1492 igitur
822 1429 1038 1495 permagnam
1071 1425 1215 1498 partem,
1243 1423 1277 1486 in

177 1511 320 1595 ejusque
335 1512 441 1576 vicem
455 1510 596 1593 'subjeci
618 1513 739 1594 partim
761 1510 888 1576 indicia
902 1512 1065 1593 locorum,
1080 1518 1168 1583 unde
1182 1530 1276 1587 erant

175 1614 322 1698 maligne
332 1613 449 1697 petita,
458 1611 579 1696 partim
591 1611 823 1676 Lambeciana
831 1615 971 1696 repetitu
982 1614 1096 1698 digna,
1110 1634 1187 1704 quaa
1202 1643 1273 1688 non

176 1716 263 1781 satis
293 1716 409 1780 crebro
433 1718 619 1791 occurrunt,
644 1720 681 1778 ot
704 1713 823 1778 merito
846 1715 911 1779 buc
936 1716 1143 1799 adderentur,
1167 1729 1225 1790 aut
1240 1724 1273 1790 si

177 1818 260 1901 qnid
274 1816 451 1900 probabile
465 1823 527 1880 aut
541 1835 637 1880 suum
653 1815 796 1898 protulit
810 1813 992 1897 Philippus
1007 1817 1165 1898 Carolus,
1181 1824 1272 1904 quod

174 1920 356 1985 admodum
376 1937 453 1983 raro
476 1918 592 1984 videas
614 1918 658 1982 ab
683 1935 724 1980 eo
749 1917 832 1993 fieri,
846 1915 925 1978 dum
941 1915 1135 2000 plerumque
1156 1923 1274 1988 volens

172 2019 295 2086 incidit
309 2021 345 2082 in
369 2023 448 2104 ῥῆσιν
474 2037 567 2100 saepe
592 2019 635 2081 ab
661 2018 738 2082 aliis
761 2019 964 2092 laboratam,
983 2023 1040 2080 aut
1054 2017 1190 2100 profert,
1206 2043 1273 2106 quo

172 2139 290 2188 carere
305 2137 499 2202 possumus.
541 2117 618 2180 Nec
639 2118 736 2198 plura
750 2123 913 2180 merentur
933 2117 1034 2180 scribi
1049 2119 1090 2182 de
1112 2119 1181 2185 islo
1194 2143 1271 2206 per-

169 2223 330 2289 insansto
354 2223 390 2282 et
409 2216 618 2281 amarissimo
642 2215 735 2292 lolio,
757 2223 796 2280 ut
815 2235 880 2296 ego
906 2235 1040 2296 censeo,
1063 2219 1173 2286 ridens
1196 2225 1272 2290 illo·

170 2343 245 2390 rum
261 2321 433 2388 bominum
448 2317 604 2400 ineptias,
620 2319 678 2402 qui
704 2317 782 2382 dum
801 2318 952 2382 nesciunt
970 2321 1051 2405 quid
1067 2325 1111 2388 sit
1125 2327 1271 2407 studere,

171 2404 272 2490 etiam
287 2423 329 2488 de
344 2420 465 2487 studiis
484 2417 651 2504 judicant,
665 2422 700 2482 et
724 2423 798 2484 tola
817 2420 887 2508 vila
907 2419 989 2484 nihil
1014 2409 1159 2489 soatiunt
1178 2447 1270 2494 com·

173 2525 264 2592 modi
280 2525 335 2590 vel
351 2544 396 2590 ex
411 2543 450 2588 se
465 2522 614 2588 conferre
629 2523 662 2586 in
683 2521 769 2586 alios
791 2528 931 2604 queunt·
975 2523 1020 2587 Et
1034 2528 1141 2588 tamen
1154 2529 1209 2590 vel
1223 2529 1270 2593 is-

172 2637 240 2694 tam
255 2627 434 2693 editionem
460 2625 625 2690 Batauam
649 2625 702 2688 vel
725 2623 887 2708 Tbysium
914 2625 1085 2690 nominare
1100 2625 1143 2690 ad
1168 2627 1271 2696 insul-

172 2730 310 2794 tandum
335 2729 497 2793 sustinuit
521 2727 631 2792 editor
656 2725 758 2791 Gellii
788 2726 823 2790 in
851 2745 952 2790 usum
981 2727 1055 2791 Ser.
1085 2728 1268 2814 Delphini;

173 2831 262 2895 nude
273 2849 349 2894 cum
363 2831 479 2913 utique
506 2829 555 2892 illi
574 2828 657 2892 nibil
679 2847 781 2892 noxae
796 2827 841 2892 sit
855 2828 996 2907 illatum,
1011 2829 1154 2912 perferet
1169 2831 1268 2898 inler-

173 2931 253 2996 dum
268 2930 389 3014 inspici
403 2937 438 2994 et
451 2930 551 2994 istam
567 2929 765 3008 Parisinam,
779 2949 856 3012 quae
871 2930 907 2994 in
920 2931 1011 2996 notis
1026 2938 1172 2999 ostentat
1185 2936 1267 3002 nibil

171 3033 294 3118 prae'ter
317 3032 532 3098 lambecium
556 3037 591 3097 et
618 3037 742 3096 aetates
764 3031 924 3096 nobilium
947 3032 1084 3115 scriptis
1109 3043 1169 3103 aut
1196 3039 1266 3104 alia

172 3135 252 3200 dote
264 3137 419 3212 virorum,
435 3154 510 3218 quae
525 3134 651 3217 ubique
673 3133 957 3215 demonstrantur3
980 3135 1042 3199 sed
1056 3137 1165 3202 sicubi
1181 3141 1266 3204 inci-

173 3237 224 3301 dit
236 3236 272 3298 in
286 3255 355 3312 eos,
369 3253 510 3318 quorum
525 3253 634 3298 annos
650 3236 708 3300 elii
734 3253 803 3300 non
827 3235 993 3314 dixerunt,
1008 3239 1088 3322 quia
1108 3245 1189 3303 sunt
1203 3241 1265 3304 ob·

172 3337 353 3412 scuriores,
368 3335 468 3398 etiam
484 3335 558 3418 ipse
573 3335 637 3400 hos
651 3343 786 3420 tangere
801 3356 1013 3422 nequaquam
1027 3357 1088 3422 per
1102 3338 1264 3404 astutiam

169 3437 305 3504 trahens
319 3433 465 3502 caudam
491 3436 555 3500 sub
580 3437 690 3502 alvum
712 3440 825 3519 audet,
850 3443 887 3506 ut
910 3439 1056 3518 videbis,
1072 3445 1172 3520 atque
1187 3439 1264 3504 inde

170 3540 311 3624 concipe
325 3537 462 3602 omnino
476 3537 557 3602 nihil
570 3541 739 3621 apportari
754 3542 846 3620 boni,
864 3541 945 3606 nibil
959 3541 1104 3606 editione
1117 3538 1263 3620 dignum,

169 3661 230 3707 neo
251 3639 308 3708 vel
322 3639 503 3706 editionem
518 3641 682 3706 nominari
698 3642 830 3720 debere,
846 3641 912 3706 nisi
928 3641 1049 3704 exilio
1065 3657 1184 3721 genere
1197 3649 1263 3704 tra·
1369 3689 1375 3698 .

169 3745 297 3822 leticie,
311 3761 381 3828 que
396 3742 519 3810 chartae
535 3749 569 3809 et
583 3745 656 3828 typi
682 3743 804 3810 debent
825 3743 971 3806 exerceri
987 3741 1042 3806 vel
1055 3742 1169 3823 perdi:
1204 3761 1262 3807 ne-

170 3863 234 3928 que
248 3847 346 3912 etlam
362 3852 478 3930 polest
490 3866 588 3912 usum
604 3847 807 3931 praebuisse,
823 3844 858 3907 in
878 3843 974 3923 cnjus
996 3859 1096 3905 usum
1114 3841 1264 3923 jactatur

169 3955 372 4029 comparata,
386 3967 494 4032 oeque
508 3948 670 4014 credibile
684 3954 738 4014 est
760 3947 824 4011 sub
845 3942 1009 4023 auspiciis
1034 3939 1151 4009 Huetii
1173 3963 1261 4010 nunc

168 4049 270 4115 scribi
284 4069 382 4133 posse
396 4049 523 4116 Alliam
542 4048 773 4114 essedarium
790 4043 941 4112 Umbriae
956 4042 990 4108 in
1005 4041 1147 4112 Sabinis.
1192 4043 1262 4110 Sed
