3014 4724
412 267 460 315 ns
483 263 575 312 vrrs
601 262 647 310 er
671 261 792 310 annus
815 263 850 312 a.
872 263 1014 316 eanum.
1220 249 1263 316 2⁷

168 431 247 476 nem
260 408 359 475 vitae'
373 409 530 491 exigeret.
550 423 584 472 v.
609 405 634 470 1.
659 421 695 467 v.
716 423 745 468 e.
768 404 822 468 15.
866 405 1107 474 Rrrrorrnurs
1126 426 1261 493 qnoque

169 531 238 578 non
251 511 439 596 imperitum
452 530 530 576 eum
544 509 647 574 inisse
666 507 778 591 liquet
800 524 846 572 ex
869 507 892 571 1.
909 523 989 572 xvr.
1003 529 1032 576 c.
1046 509 1078 576 8.
1105 509 1210 576 ‘Cum
1225 513 1262 578 in

171 615 362 699 disciplinas
377 613 574 680 dialecticas
596 609 712 676 induci
732 615 835 694 atque
849 610 954 674 imbui
969 611 1147 691 vellemus}
1171 615 1261 680 coni.

169 736 262 802 seqq.
276 735 385 800 usque
400 715 444 780 ad
460 714 574 792 linem,
597 713 680 777 itam
701 727 783 776 xvr.
808 711 843 778 2.
869 725 983 776 xvnr.
999 711 1032 776 1.
1046 717 1080 775 et
1092 715 1124 776 ⁶2.
1144 713 1260 781 Taceo

167 820 209 884 de
224 819 447 894 Neruanur,
474 813 574 898 cujus
589 813 782 898 specimina
795 813 925 898 passim
940 811 1021 890 edit,
1035 829 1080 876 ex
1095 816 1260 880 memoriis

167 921 326 1006 antiquis,
341 938 387 984 ex
402 913 599 992 Aristotele,
622 913 822 994 Democrito,
846 913 970 994 Plinio,
986 914 1126 998 Nigidio
1143 913 1260 997 Figulo

167 1021 313 1105 aliisque
327 1025 477 1084 oronte.

212 1122 235 1188 J
241 1137 585 1188 unrsrnunnsrrsrr
601 1127 806 1206 quantopere
819 1119 970 1200 coluerit,
984 1127 1024 1186 nt
1038 1119 1191 1206 oportuit
1205 1119 1263 1185 ho-

168 1224 292 1290 minem
309 1223 447 1308 Judiciis
474 1225 629 1290 civilibus
654 1228 866 1306 occupatum,
885 1222 1144 1308 locupletissimi
1158 1230 1262 1290 testes

169 1332 246 1392 sunt
270 1325 361 1403 JCti,
384 1325 531 1411 GoJacii,
550 1325 727 1401 Brissonii,
750 1325 885 1402 Budari,
908 1330 943 1391 et
964 1326 1116 1412 plerique
1137 1345 1261 1404 omnes,

166 1445 309 1512 quorum
322 1427 497 1512 plerasque
512 1429 655 1512 paginas
670 1425 804 1492 Gellius
819 1434 972 1514 occupat,
995 1427 1125 1496 Gellius
1138 1429 1263 1495 illumi·

166 1536 234 1608 nat,
246 1528 379 1595 Gellius
392 1529 523 1612 implet.
566 1527 680 1611 Atque
695 1531 733 1593 ut
751 1527 786 1592 hi
799 1529 903 1608 illurn,
922 1531 970 1598 ita
983 1531 1040 1598 ille
1055 1531 1262 1616 sapientissi-

166 1652 238 1698 mos
252 1632 276 1698 J
279 1632 347 1698 uris
361 1629 548 1715 Magistros
574 1639 702 1696 veteres
722 1632 878 1696 mactarit
897 1633 1024 1700 AElium
1038 1633 1260 1709 Tuberonem,

167 1731 323 1800 Alienum
338 1732 476 1813 Varum,
493 1731 540 1814 Q.
555 1733 737 1800 Antistium
752 1731 958 1814 Labeonem,
984 1735 1025 1800 C.
1040 1734 1178 1801 Ateium
1193 1734 1259 1800 Ga·

166 1835 328 1920 pitanam,
352 1833 528 1902 Cacilium
547 1833 695 1914 Gallum,
718 1833 861 1901 Gaelium
883 1841 918 1900 et
939 1834 1142 1900 Massurium
1161 1837 1259 1900 Sabi·

164 1957 237 2018 uos,
250 1937 443 2004 Scaevolam
454 1944 643 2024 utrumque,
660 1938 700 2004 G.
720 1937 954 2022 Sempronium
968 1933 1172 2014 Gracchum,
1186 1934 1261 2000 Ser·

164 2039 255 2104 vium
282 2040 481 2122 Sulpicium,
510 2041 729 2105 Ciceronem:
758 2039 923 2122 praeelara
946 2037 1007 2101 illa
1029 2037 1091 2102 sori
1116 2035 1261 2101 Romani

162 2140 306 2218 lumina,
328 2147 367 2204 ut
388 2139 430 2203 de
452 2141 556 2203 uariis
579 2141 736 2222 legibus,
758 2139 871 2216 sctis,
901 2137 1039 2215 Edictis,
1064 2137 1260 2203 Plebiscih's

162 2238 251 2304 nihil
279 2239 403 2304 dicam.
449 2239 556 2304 Porro
584 2257 662 2304 cum
686 2238 877 2322 Philologia
905 2237 1035 2304 auxilio
1058 2239 1258 2308 Hrsrcmn

164 2361 408 2426 usquequaque
436 2341 569 2426 indiget,
594 2361 637 2406 en
663 2340 899 2406 bibliothecam
923 2340 1025 2408 Gellii
1043 2341 1257 2409 historicam!

164 2463 206 2508 en
229 2443 453 2522 Tuberonem,
476 2443 520 2508 A.
544 2443 715 2524 Albinum,
736 2441 780 2522 Q.
795 2441 913 2509 Claud.
938 2442 1204 2528 Quadrigarium,
1218 2446 1257 2511 1.

166 2545 355 2612 Cornelium
372 2545 513 2630 Syllam,
536 2543 637 2610 Corn.
658 2544 837 2629 Nepotem,
857 2544 907 2610 M.
923 2545 1065 2610 Fabium
1079 2546 1258 2624 Pictorem,

164 2647 224 2714 Gn.
250 2647 410 2726 Gellium,
435 2645 479 2727 Q.
507 2645 680 2714 Valerium
712 2647 899 2726 Antiatem,
920 2648 945 2714 J
948 2647 1051 2711 ulium
1073 2645 1258 2731 Hyginum,

161 2749 380 2827 Tuditanum,
396 2751 435 2816 G.
461 2749 621 2834 Oppium,
644 2751 684 2816 L.
710 2751 877 2828 Pisonem,
899 2749 940 2815 L.
960 2748 1116 2815 Cassium
1139 2748 1259 2816 Hemi-

165 2869 255 2927 nam,
283 2849 514 2933 Sempronium
542 2851 764 2930 Asellionem,
793 2851 832 2918 Ir.
854 2854 1042 2930 Sisennam,
1072 2850 1114 2916 C.
1137 2851 1256 2918 Sueto·

164 2952 256 3016 nium
280 2951 521 3035 Tranquillum,
544 2952 751 3030 Sallustium,
773 2957 833 3019 irc.
855 2961 954 3020 etex
980 2953 1114 3020 Guecia
1144 2945 1256 3039 Epho-
1372 3025 1381 3046 ,

165 3072 250 3132 rum,
266 3052 511 3130 Dicaerchum,
527 3053 733 3132 clearchum,
749 3054 968 3133 Herodotum,
984 3055 1255 3141 Xenophontem,

163 3155 342 3230 Timaeum,
372 3153 594 3233 Hellanicum,
622 3155 864 3240 Thucydidem,
894 3157 1109 3223 Heraclidem
1138 3157 1256 3223 Ponti·

165 3273 255 3331 eum,
282 3253 548 3336 Theopompum,
575 3255 823 3338 Philochorum,
854 3257 1054 3342 Appionem,
1088 3256 1256 3322 Aristaam

165 3357 445 3436 Proconnesium‚
468 3355 636 3441 Isigonum
659 3359 885 3440 Nicaeeusem,
908 3359 1066 3442 Ctesiam,
1090 3359 1257 3424 Onesicri-

163 3469 246 3542 tum,
261 3461 462 3543 Hegestem,
485 3459 797 3546 Philostephanum,
816 3463 1048 3550 Hermippum,
1068 3459 1256 3544 Polybium,

163 3563 426 3650 Xenophanem,
446 3581 532 3649 quos
552 3565 677 3648 passim
692 3585 769 3630 cum
783 3565 980 3648 fragmentis
1002 3561 1144 3644 allegat!
1187 3563 1256 3628 De·

163 3667 260 3752 nique
276 3687 319 3733 ne
337 3665 567 3732 Maurorum
582 3667 717 3754 quidem
729 3667 856 3733 Noster
868 3663 1045 3749 ignorarit,
1055 3681 1155 3747 quam
1164 3681 1256 3746 pror·

164 3785 222 3832 sue
235 3769 362 3836 nescire
380 3775 477 3854 turpe
503 3777 537 3834 et
560 3770 739 3836 liberaliter
763 3769 915 3832 instituto
937 3765 1071 3831 homine
1085 3765 1254 3848 indiguum

158 3867 289 3954 judicet
312 3871 336 3938 l.
357 3885 469 3936 xvrrr.
493 3893 523 3938 c.
547 3874 600 3940 lo.
622 3873 725 3938 ‘Hoc
749 3889 812 3953 ego
835 3873 955 3952 postea
974 3885 1050 3931 cam
1073 3866 1108 3929 iu
1124 3869 1254 3936 medico

163 3969 394 4054 reprehensum
408 3993 484 4038 esse
500 3975 741 4050 meminissem,
757 3967 948 4034 existimavi
960 3967 1165 4038 nonmedico
1177 3971 1254 4052 soli,

162 4071 223 4139 sed
238 4075 389 4142 omnibus
404 4095 537 4160 quoque
547 4073 735 4140 homiuibus
746 4070 860 4136 liberis
870 4069 1111 4157 liberaliterque
1121 4075 1254 4140 institu-
