3014 4724
235 225 259 290 2
615 243 746 292 rscoar
772 245 953 293 croxovrr

237 389 378 455 antehac
393 407 447 454 me
461 387 757 471 immunemhujus
772 387 899 456 laboris
911 391 1027 476 optari
1037 393 1231 477 curavique,
1241 401 1333 462 tanto

236 492 363 574 impetu
376 509 461 554 nunc
481 495 640 572 expertus
662 489 709 553 lui
730 509 783 554 me
803 491 931 575 impelli
953 493 996 556 ad
1017 513 1093 558 eum
1113 495 1333 574 subeundum,

238 599 276 657 ut
290 592 453 676 patientia
467 592 528 654 uix
541 590 646 654 libera
665 600 865 674 superesset
910 593 1004 659 Huic
1026 598 1167 679 tempori
1189 597 1332 662 debeba-

238 701 293 758 tur
304 698 395 757 tanto
409 691 535 776 majore
544 691 618 776 jure
633 693 712 756 talis
726 692 833 771 labor,
848 697 1006 778 quoniam
1016 696 1335 780 precedenttsaecu-

237 796 272 859 lo
287 802 355 860 tam
376 795 534 879 frequens
555 800 589 859 et
607 795 707 862 lautus
728 797 946 880 scriptionum
961 805 1146 882 proventus
1160 801 1284 878 extitit,
1300 801 1335 864 in

237 917 378 981 quarum
393 897 487 962 nulla
499 917 565 963 nou
579 897 697 962 videas
719 896 866 963 Gellium
890 899 935 964 ad
955 905 1068 984 partes
1089 901 1216 980 uocari,
1235 909 1275 966 ut
1289 901 1336 966 ci-

238 1007 335 1076 tetur,
351 1006 504 1087 mutetur,
520 999 717 1082 explicetur,
733 1000 901 1085 judicium
920 1001 954 1066 in
972 1020 1013 1065 eo
1028 1007 1222 1067 exerceatur
1235 1003 1334 1066 etiam

239 1103 283 1166 ab
305 1101 383 1178 illis,
408 1102 465 1184 qui
489 1107 526 1166 ut
549 1099 775 1166 conditionem
797 1101 902 1168 Gellii
927 1109 1117 1182 noscerent,
1139 1103 1256 1187 pedem
1276 1123 1337 1168 un-

239 1220 341 1285 quam
356 1221 425 1266 non
435 1211 607 1266 moverunt
620 1221 681 1267 nec
696 1203 776 1268 ullis
786 1204 939 1269 insistere
949 1203 1070 1269 videas
1085 1203 1236 1268 auxiliis.
1280 1204 1336 1268 Id·

239 1306 331 1370 circo
345 1305 424 1381 ista,
441 1323 518 1387 quae
534 1304 637 1384 vides,
652 1305 803 1370 adhiberi
817 1305 948 1372 taudem
960 1312 996 1371 et
1011 1306 1124 1389 colligi
1138 1305 1180 1371 ad
1194 1308 1336 1389 pretium

239 1405 454 1470 statuendum
468 1414 503 1470 et
517 1404 629 1470 Gellio
644 1407 887 1472 consulendum
902 1408 1024 1474 referre
1038 1407 1223 1474 videbatur.
1253 1407 1338 1474 Ure·

239 1509 301 1572 bat
315 1528 368 1570 me
382 1509 458 1591 ipse
482 1508 678 1590 cupiditatis
693 1517 840 1593 patemae
859 1511 955 1576 ardor
977 1512 1013 1574 in
1035 1512 1151 1576 harum
1176 1509 1337 1576 Noctium

241 1608 420 1692 splendore
436 1609 586 1691 augendo
602 1617 637 1675 et
651 1610 877 1678 maimundo.
921 1611 1025 1676 Hanc
1039 1614 1115 1696 ipse
1129 1612 1210 1676 mihi
1226 1613 1339 1696 priua·

241 1711 312 1787 tim,
327 1731 389 1794 per
409 1711 527 1776 literas
543 1712 660 1776 amicis
675 1731 768 1794 saepe
782 1717 927 1778 testatus
941 1721 1026 1792 erat,
1047 1720 1081 1778 et
1101 1713 1269 1779 referebat
1282 1733 1338 1779 co-

242 1814 359 1892 gitatio
372 1833 381 1894 3
398 1815 498 1878 etiam
511 1813 716 1878 lineamenta
729 1815 887 1898 principii
902 1835 1004 1899 nuper
1016 1815 1097 1880 editi
1111 1815 1232 1880 oculos
1246 1815 1338 1880 iden-

242 1913 345 1979 tidem
369 1915 520 1980 ferientia
544 1915 607 1979 huc
630 1935 685 1980 me
705 1933 830 1980 vocare
846 1915 1055 1982 ridebantur.
1099 1915 1159 1980 Sic
1177 1921 1339 1982 tormento

242 2018 337 2082 relat
350 2018 491 2082 adactos
506 2037 592 2094 sum,
614 2024 653 2082 ut
677 2037 718 2081 ne
739 2017 865 2082 diutius
888 2025 940 2082 tot
962 2017 1112 2082 literulas
1135 2019 1188 2082 rel
1204 2019 1339 2100 abipso

242 2119 297 2184 vel
313 2139 402 2184 arne
417 2119 631 2184 confectaset
642 2119 810 2183 adhesum
823 2117 984 2184 Noctium
993 2120 1127 2203 ingenia
1141 2119 1340 2184 illustranda

242 2228 343 2304 atque
365 2221 407 2286 ad
430 2221 566 2302 originis
580 2239 650 2286 saae
668 2225 886 2298 venustatem,
905 2220 992 2285 unde
1016 2240 1077 2305 per
1095 2219 1190 2286 nefas
1210 2220 1342 2285 inerunt

242 2322 382 2386 nimium
398 2322 569 2401 abducta,
583 2322 782 2398 reducenda,
797 2327 837 2386 nt
850 2322 962 2386 forsan
984 2340 1051 2386 non
1068 2341 1129 2405 per
1146 2322 1269 2399 omnia,
1290 2323 1340 2385 sic

242 2423 382 2488 multam
397 2431 488 2488 certe
503 2423 657 2489 efficaces
671 2441 713 2487 ao
728 2422 859 2488 validas
877 2429 1011 2505 paterer
1027 2443 1148 2508 segnes
1161 2429 1195 2489 et
1208 2423 1340 2487 inutiles

240 2525 362 2610 jacere.
407 2525 485 2592 Non
495 2526 567 2610 jam
583 2525 672 2590 ultra
684 2525 869 2590 deterrebar
883 2527 1004 2604 omine,
1020 2527 1110 2610 quod
1121 2527 1240 2592 scirem
1254 2532 1342 2591 trac·

244 2629 307 2692 tari
323 2647 345 2691 a
358 2647 411 2692 me
426 2629 625 2708 scriptorem
651 2633 722 2689 tam
744 2627 899 2693 violentae
921 2633 955 2693 et
973 2628 1183 2713 perniciabili
1204 2647 1341 2692 execra-

243 2731 325 2795 tioni
341 2727 526 2793 obnoxium
541 2733 573 2791 et
587 2727 684 2811 quasi
700 2727 866 2808 devotum,
880 2735 917 2795 nt
930 2730 1006 2814 ejus
1024 2731 1216 2796 accuratior
1229 2747 1341 2794 emen·

243 2831 337 2896 datio
350 2829 435 2894 nulli
448 2847 573 2908 eorum,
597 2847 682 2913 quos
705 2829 794 2893 bene
811 2831 938 2913 politos
953 2837 986 2896 et
999 2833 1077 2896 huic
1091 2833 1225 2914 negotio
1239 2849 1340 2914 pares

244 2931 385 3012 legium
407 2930 494 2995 adeo
515 2929 638 2996 malim
661 2931 817 2995 auxiliari
839 2939 874 2995 et
895 2951 996 3016 opem
1015 2935 1102 2998 serre
1124 2935 1193 3000 ista
1208 2933 1339 2997 ratione

244 3031 405 3112 voluisse,
426 3033 584 3118 iilumque
604 3035 668 3098 lroc
691 3052 836 3098 exorsos
851 3033 971 3112 inisse,
993 3035 1105 3101 inuste
1127 3041 1160 3100 et
1180 3051 1242 3119 pro
1257 3039 1337 3096 roto

244 3135 406 3200 cesserit:
421 3134 509 3199 adeo
520 3139 557 3199 nt
570 3153 645 3200 cum
660 3137 781 3218 partim
794 3141 1016 3200 memorentur
1029 3136 1234 3220 multiplices
1249 3153 1339 3198 curae

244 3238 279 3302 in
294 3236 369 3321 ejus
383 3238 509 3302 bonnm
524 3237 710 3315 exhaustae,
728 3237 850 3320 partim
865 3257 1002 3320 quoque
1015 3245 1131 3302 extare
1139 3235 1214 3322 jam
1227 3255 1340 3321 coepe·

242 3339 311 3404 rint
324 3339 506 3423 primordia
519 3339 740 3422 scriptionum
754 3339 840 3403 satis
855 3339 996 3418 feruida,
1009 3341 1165 3404 universa
1176 3339 1340 3403 tamenab

244 3441 374 3506 invidia
389 3441 532 3526 quadam
549 3440 641 3506 velut
655 3439 789 3504 Saturni
804 3437 903 3505 facile
915 3440 1038 3506 luerint
1048 3442 1232 3525 praecisaet
1241 3441 1341 3503 inter·

243 3549 352 3626 rupta.
398 3543 477 3609 Non
502 3549 558 3608 est
586 3543 689 3607 credo
709 3543 806 3622 liber,
827 3543 919 3610 cirea
942 3563 1038 3628 quem
1060 3543 1166 3626 magis
1188 3557 1281 3606 acres
1304 3549 1341 3602 et

243 3651 400 3728 urgentes
415 3651 449 3711 et
462 3647 548 3710 bene
563 3643 666 3709 multa
679 3645 873 3728 pollicentes
884 3645 1069 3711 extiterunt
1079 3649 1223 3708 conatus
1233 3640 1340 3705 homi·

243 3765 324 3812 nuru
346 3749 522 3814 doctorum
543 3767 649 3832 prope
672 3747 772 3813 finem
795 3749 912 3815 saeculi
935 3745 1165 3833 quintidecimi
1188 3750 1225 3808 et
1245 3743 1341 3808 initia

244 3852 412 3932 sequentis
438 3849 482 3915 ad
503 3869 578 3914 eum
604 3850 848 3915 illuminatione
873 3850 998 3932 ingenti
1019 3845 1223 3933 poliendum,
1238 3865 1340 3930 quam

245 3948 301 4012 lrio
315 3950 386 4030 ipse
402 3950 543 4016 Gellius.
589 3949 668 4017 Non
691 3952 789 4016 aliter
810 3971 851 4016 ac
875 3954 905 4016 si
926 3951 1014 4016 hunc
1035 3968 1112 4014 esse
1133 3948 1340 4024 statuissent,

244 4048 303 4134 qui
319 4049 373 4114 rel
387 4052 533 4117 maxime
557 4059 675 4134 posset
695 4053 872 4137 explorare
890 4055 1022 4120 illorum
1038 4050 1150 4118 studia
1163 4053 1230 4118 ista
1243 4056 1275 4116 et
1288 4069 1340 4114 re·
