3014 4724
252 208 296 274 62
630 221 750 271 tenax
776 221 954 273 oarrruts.

285 372 310 418 o.
326 367 367 416 Ile
378 364 523 430 unlgmete.

285 453 309 499 7.
325 449 408 501 Quum
419 445 454 496 ob
462 457 562 496 causum
572 443 619 494 Cn.
628 443 765 494 Dolabella
776 445 911 509 proconsul
920 459 991 495 reem
999 446 1134 498 mullerem
1147 447 1342 511 concentores·

252 530 427 592 mentemque,
438 526 470 576 etl
482 523 654 588 Areopagites
667 526 772 588 rejecit.

285 614 309 658 8.
329 606 478 657 Reditiones
488 605 515 654 in
527 605 636 668 gruttam
646 603 768 654 nobilium
780 604 890 654 virorum
902 611 1046 656 memoratu
1056 605 1149 672 dignae.

284 693 309 738 9.
326 689 391 740 Ques
403 686 524 735 dicentur
534 683 658 735 vocabola
666 685 806 748 sucipitis:
819 689 847 734 et
855 687 925 750 qood
935 686 943 714 ‘
953 685 1071 736 bonoris'
1079 701 1180 752 quoque
1190 685 1343 738 vocabulum

254 767 362 831 ancipiti
373 765 504 814 sententie
514 763 600 814 suerit.
1183 771 1188 782 ·

286 851 326 897 to.
343 845 420 898 Quotl
431 841 597 893 ‘rediremus’
607 843 713 893 verbum
725 843 846 894 Latinum
857 844 901 894 sit.

286 930 326 976 11.
342 925 435 974 Errare
447 924 518 980 istos,
529 923 572 988 qui
585 931 670 988 spect
683 922 778 973 fidncia
788 925 886 974 lstenrli
906 932 1032 989 peccent3
1048 941 1105 976 curn
1123 926 1224 976 latebra
1239 925 1342 990 percuti

253 1013 379 1071 perpetua
391 1003 461 1053 oolla
471 1003 522 1053 sit:
540 1010 568 1053 et
579 1017 657 1068 super
676 1017 708 1053 ee
725 1017 755 1053 re
773 1003 910 1068 Peregrini
921 1005 1067 1070 philosophi
1083 1020 1165 1056 sermo
1181 1019 1213 1055 ea
1224 1005 1344 1069 Sophocli

254 1086 338 1151 petre
350 1083 487 1135 sententis.

284 1171 323 1217 ln.
339 1167 435 1216 Faceta
445 1164 576 1229 responsio
587 1164 625 1214 Μ.
636 1164 767 1215 Ciceronis
778 1164 950 1215 amolientire
967 1178 996 1215 se
1013 1165 1111 1216 crimen
1127 1163 1256 1215 maniiertl
1273 1178 1344 1214 men·

254 1245 332 1296 decli.

284 1330 324 1375 lt.
341 1326 349 1353 ‘
360 1324 436 1374 Intra
447 1323 591 1374 Kolendas'
602 1337 661 1373 cum
671 1322 776 1394 dicitur,
785 1323 846 1388 quid
856 1323 992 1388 significet,
1005 1329 1091 1374 utrum
1100 1323 1109 1352 ‘
1119 1330 1180 1375 ente
1192 1323 1343 1388 Kalendas,’

252 1421 285 1456 sn
304 1403 463 1466 ‘Kalendis,'
482 1419 514 1453 an
534 1410 687 1468 utrumque:
705 1409 783 1468 atque
803 1403 868 1452 inibi
886 1403 949 1468 qnid
965 1403 999 1454 sit
1015 1403 1041 1453 in
1058 1403 1176 1454 oratione
1198 1405 1236 1454 M.
1255 1403 1344 1467 Tullii,

252 1491 260 1516 ⁸
271 1488 339 1536 iutra
348 1484 498 1548 Oceeunm,'
508 1486 551 1534 et‘
561 1484 631 1535 intre
641 1491 754 1535 montem
764 1483 894 1547 Taurum,'
906 1491 933 1534 et
943 1483 969 1534 in
981 1483 1091 1550 quedam
1107 1483 1235 1548 Epistola,
1252 1485 1260 1512 ⁸
1272 1483 1343 1534 intre

252 1563 374 1616 modum!

285 1649 324 1694 14.
340 1642 465 1693 ‘Saltem'
476 1642 604 1706 porticulo
615 1658 691 1708 quant
701 1645 752 1695 vim
763 1644 859 1696 habeat
870 1651 898 1695 et
909 1659 985 1710 qnam
996 1645 1130 1708 originem.

283 1730 323 1774 tn.
339 1721 415 1775 Quod
422 1721 530 1771 sisenna
538 1721 565 1770 in
576 1722 649 1772 libris
660 1724 824 1774 bietoriarurn
835 1724 966 1776 adverbiis
977 1723 1154 1789 hujuscemodi
1165 1735 1343 1788 sepenumero

253 1809 369 1866 censeat,
380 1803 388 1830 ‘
399 1799 519 1865 celatim,'
530 1802 538 1828 ‘
550 1801 728 1866 vellicatim,’‘
740 1803 890 1854 saltustirn!

558 1979 728 2028 commeare
738 1979 897 2031 tertiodecimo
907 1981 957 2032 isar
967 1981 1055 2034 lumi.

284 2117 308 2164 l.
325 2109 461 2176 Inquisitio
473 2107 608 2159 verborum
620 2107 726 2158 istorum
737 2108 775 2157 Μ.
785 2107 863 2158 Tullii
873 2109 1008 2174 curiosior,
1019 2125 1078 2175 quoe
1095 2109 1147 2161 fuit
1156 2111 1182 2161 in
1194 2111 1278 2175 primo
1290 2111 1343 2160 An·

252 2193 412 2242 torinnerum
424 2191 504 2240 libro:
520 2189 528 2217 ⁶
540 2190 626 2239 Multo
637 2195 724 2238 autem
732 2189 884 2252 impendere
893 2189 1014 2240 videntur
1024 2201 1123 2256 praeter
1130 2199 1246 2242 naturam
1254 2193 1344 2251 etiam,

253 2279 397 2335 praeterque
414 2269 524 2320 fstomz'
550 2275 740 2334 tractatumque
760 2283 792 2318 au
815 2268 883 2319 idem
906 2269 956 2320 luo
977 2271 1027 2322 itta
1047 2270 1204 2336 significent,
1224 2269 1343 2322 ‘fatum'

253 2357 330 2415 atque
342 2351 350 2379 ‘
361 2349 471 2414 natura,'
481 2364 515 2400 an
524 2350 662 2400 diversum.

283 2435 307 2480 1.
322 2431 406 2494 Super
425 2430 559 2495 poiitsrutn
580 2429 688 2480 Pacuvii
706 2436 735 2479 ct
753 2429 827 2480 Accii
846 2431 973 2496 colloquio
995 2430 1114 2481 familiari
1132 2433 1159 2480 in
1177 2431 1276 2494 oppido
1294 2432 1344 2480 Te·

251 2511 360 2561 rentiuo.

284 2596 308 2641 t.
323 2591 365 2641 An
376 2590 500 2642 vocabule
509 2591 574 2654 berc,
584 2591 592 2620 ‘
601 2589 778 2641 necessitudo'
790 2594 818 2640 et
826 2589 834 2617 ⁴
842 2589 1001 2653 neceeeitsr,’
1011 2588 1141 2640 differenti
1152 2589 1342 2655 significatione

251 2673 313 2723 sint.

282 2757 312 2812 ⁴.
324 2749 485 2814 Olympiadis
496 2750 639 2801 Alexandri
650 2752 737 2802 matrie
747 2751 826 2802 comis
837 2765 868 2801 nc
877 2750 989 2814 prudeus
998 2750 1031 2800 sd
1039 2748 1119 2800 filium
1129 2749 1279 2815 rescriptio.

283 2838 308 2882 t.
325 2827 370 2880 De'
379 2829 533 2894 Aristotele,
542 2831 729 2897 Theophrasto,
736 2841 764 2883 et
774 2831 939 2893 Menedemo,
947 2831 1120 2896 pbilosophis:
1138 2831 1222 2896 neque
1230 2832 1344 2896 eleganti

252 2911 405 2960 verecundia
416 2909 565 2961 Aristotelis
576 2925 752 2964 successorem
763 2913 883 2964 diatribae
892 2927 947 2962 sure
958 2911 1086 2975 eligentis.

283 2993 308 3037 o.
325 2989 395 3040 Quid
412 2996 514 3040 sereres
531 2991 616 3041 Latini
633 2993 764 3055 dixerunt,
782 3007 845 3058 ques
864 2993 951 3042 Greci
966 2993 1094 3056 emptica
1105 2993 1255 3056 appellent,
1279 2992 1342 3042 item

251 3066 319 3133 quod
330 3067 499 3119 vocobulum‘
511 3069 678 3122 barberismi'
688 3087 739 3122 non
756 3071 937 3137 usurpaverint
954 3086 1037 3137 neque
1055 3073 1163 3122 Romeni
1174 3072 1342 3136 antiquiores,

251 3161 334 3212 neque
346 3145 438 3197 Attici.

282 3231 307 3277 1.
324 3227 460 3278 Diversum
471 3226 606 3280 denatura
617 3231 717 3280 leonum
730 3230 825 3281 dixisse
836 3231 979 3282 Homerum
990 3233 1017 3283 in
1033 3232 1202 3299 carminibus,
1212 3239 1241 3283 et
1258 3231 1342 3282 Hero·

251 3307 340 3358 dotum
352 3308 377 3356 iu
387 3307 511 3358 bistoriis.

282 3392 306 3438 8.
324 3388 399 3441 Quod
410 3387 532 3439 Afranius
542 3391 619 3454 poitu
628 3391 769 3456 prudenter
780 3400 809 3442 et
817 3393 904 3457 lepide
912 3393 1070 3458 Sspicntiam
1080 3393 1158 3444 filism
1167 3407 1223 3445 esse
1235 3393 1302 3442 Usus
1313 3396 1341 3440 et

249 3467 384 3518 Memoriae
395 3466 469 3517 dixit.

282 3552 305 3598 9·
317 3547 386 3600 Quid
396 3548 493 3598 Tollius
504 3547 566 3599 Tiro
577 3549 603 3598 in
614 3547 803 3600 commcntsrlls
813 3553 945 3617 scripserit
956 3553 989 3604 de
1000 3553 1125 3604 ‘suculis'
1140 3559 1167 3603 et
1182 3553 1191 3581 ‘
1198 3547 1341 3614 hyadibus:

249 3643 307 3694 quse
317 3635 379 3679 erent
390 3629 521 3678 etellsrnm
533 3629 668 3680 vocabula.

282 3713 321 3758 1⁰.
338 3709 415 3760 Quod
430 3709 555 3760 ‘sororis’
566 3719 671 3774 etymon
682 3723 740 3759 esse
751 3709 847 3760 dixerit
858 3710 945 3761 Labeo
955 3709 1094 3774 Antistius,
1104 3717 1132 3760 et
1142 3707 1209 3772 qnod
1221 3704 1339 3756 ‘fratris'

249 3787 378 3852 Nigldltts.

283 3872 322 3918 tl.
340 3870 422 3921 Quem
441 3873 480 3921 M.
498 3873 581 3922 Varro
599 3880 687 3937 uptum
702 3873 851 3936 justumque
862 3885 1063 3922 essenumerum
1074 3869 1239 3922 convivorum
1251 3869 1341 3924 existi·

249 3947 343 3994 merit:
361 3963 392 3998 ae
402 3950 435 3999 de
444 3953 538 4001 mensis
549 3953 668 4003 secundis
677 3961 706 4002 et
716 3954 749 4003 de
760 3951 881 4002 bellariis.

282 4027 320 4076 12.
336 4025 460 4078 Tribunos
471 4031 555 4092 plebis
566 4035 729 4095 prensionem
740 4031 846 4096 bebere,
862 4030 1023 4082 vocatiouem
1035 4045 1085 4081 non
1096 4027 1201 4080 bebere.
