3014 4724
466 837 663 915 JACOBI
704 837 979 916 GRONOVII

309 1038 1136 1204 PnAEnnnro

404 1369 521 1462 AD·
573 1371 1035 1466 LECTOREM.

588 1643 853 1707 Q

176 1877 276 1968 Nou
290 1902 428 1970 memini
442 1904 487 1968 ab
500 1905 568 1970 ullo
582 1904 760 1972 industrice
772 1925 856 1972 mene
872 1905 1058 1990 specimine
1071 1926 1126 1971 me
1142 1905 1272 1974 disces·

173 2005 259 2071 sisse
272 2007 438 2073 laetiorem
453 2006 496 2070 ad
511 2007 612 2071 verba
632 2013 746 2071 tecum
761 2005 805 2070 de
818 2026 860 2070 eo
875 2005 1044 2083 iacienda,
1066 2025 1167 2090 quem
1183 2027 1274 2072 oum·

172 2108 321 2171 maxime
344 2107 389 2170 ab
409 2106 596 2187 pervigilio,
620 2105 712 2188 qnod
732 2106 785 2168 bis
814 2105 987 2170 Noctibus
1008 2107 1126 2170 iterum
1148 2107 1274 2191 impen-

173 2207 267 2271 disse
281 2205 464 2281 merides,
489 2223 556 2286 qno
583 2211 632 2280 tu,
658 2205 706 2268 mi
725 2205 860 2282 Lector,
878 2207 1027 2290 lepidius
1049 2215 1085 2272 et
1105 2211 1274 2276 venustius

31 2329 48 2363 .·
172 2306 311 2373 easdem
334 2303 458 2370 deinde
484 2303 623 2385 vigilare
645 2323 780 2388 posses.
826 2304 908 2370 Erat
929 2308 1062 2389 quidem
1082 2310 1118 2375 id
1143 2311 1273 2394 jamdiu

32 2454 38 2470 .
173 2409 420 2488 necessarium
442 2405 502 2470 md
518 2406 563 2470 ab
578 2425 620 2470 eo
634 2424 792 2470 aversum
805 2425 858 2470 mc
873 2413 909 2470 et
924 2407 1150 2476 abhorrentem
1165 2415 1273 2496 magis

175 2510 275 2588 sensi,
298 2529 400 2594 quam
425 2514 465 2573 nt
490 2507 543 2571 vel
566 2508 609 2572 ab
630 2506 839 2571 librariorum
855 2508 1026 2590 petitione,
1041 2510 1096 2574 vel
1111 2529 1154 2574 ex
1169 2529 1274 2576 causa

42 2595 51 2696 ζ
173 2631 332 2690 mearum,
360 2629 446 2696 quas
468 2629 573 2694 saepe,
600 2609 704 2674 immo
732 2609 872 2674 assidue
896 2609 1063 2675 versando
1083 2611 1274 2690 alleveram,
1389 2673 1396 2680 .

173 2711 347 2778 liturarum
375 2711 526 2776 converti
551 2710 633 2776 illuc
661 2711 836 2794 potuerim.
881 2709 1116 2790 Quaerebantur
1139 2714 1274 2796 quidem

39 2892 45 2903 ι
175 2813 227 2878 illi
241 2815 286 2878 ab
299 2833 336 2878 se
350 2814 471 2897 requiri
486 2812 637 2898 qnotidie
652 2811 797 2891 Gellios,
819 2820 854 2878 ct
875 2814 990 2878 nullos
1007 2815 1136 2899 exponi
1152 2835 1273 2884 venum

176 2932 290 2998 posse.
334 2913 408 2980 Nec
422 2917 532 2980 minue
546 2916 599 2982 bec
612 2916 784 2998 urgebant,
800 2920 839 2981 ut
853 2914 910 2980 diu
925 2935 1121 3000 suppressae
1138 2917 1273 2986 tandem

52 3009 56 3018 ’
175 3016 328 3082 venirent
352 3018 386 3082 in
408 3037 505 3082 usum
528 3025 564 3082 et
585 3017 751 3096 notitiam,
773 3021 831 3081 aut
851 3035 948 3100 spem
969 3017 1147 3102 implerent
1169 3019 1273 3086 Gellii

176 3117 369 3201 adjuvandi.
411 3117 435 3182 J
437 3126 515 3184 uste
526 3118 562 3182 in
578 3124 717 3202 unoque
732 3137 853 3200 genere
867 3137 935 3182 non
951 3116 1128 3199 diffitebar,
1152 3121 1212 3186 sed
1228 3120 1272 3186 ed

177 3218 316 3283 taedium
344 3220 436 3284 ibam
465 3219 696 3283 recordatione
721 3237 833 3296 casuS,
859 3237 958 3303 quem
984 3219 1080 3285 Patri
1106 3222 1272 3286 accidisse

175 3339 346 3404 nunquam
361 3319 594 3398 dememinero‚
616 3327 652 3384 ut
670 3339 768 3404 quem
783 3320 839 3386 bic
854 3320 953 3386 labor
965 3322 1060 3387 velut
1073 3321 1174 3386 ferale
1190 3321 1273 3402 quid

175 3427 361 3507 apportans
383 3419 566 3503 obsopirit,
583 3426 615 3485 et
635 3421 802 3488 Gelliancc
825 3443 937 3508 operte
960 3423 1028 3489 ista
1050 3439 1179 3488 merces
1199 3421 1272 3501 luit,

48 3516 52 3543 ¹
175 3533 212 3594 nt
225 3528 428 3612 opprimeret
442 3525 542 3590 istam
557 3544 703 3606 manum,
719 3529 914 3612 prinsquam
927 3527 971 3591 ad
985 3527 1111 3592 calcem
1124 3523 1271 3607 veniret3

174 3629 256 3696 illud
271 3627 432 3694 videlicet
444 3628 570 3712 ipsum,
586 3629 678 3714 quod
696 3636 747 3696 tot
762 3629 838 3695 aliie
852 3629 994 3694 eandem
1008 3627 1051 3691 ad
1066 3625 1272 3709 provinciam

176 3732 381 3816 comparatis
396 3732 527 3812 evenit3
542 3738 575 3799 et
587 3733 714 3800 licebat
727 3733 843 3815 utique
857 3735 1004 3794 metuere
1017 3725 1182 3809 exempla.
1205 3725 1272 3792 Sed

176 3833 256 3914 quid
282 3833 415 3900 multet
462 3833 548 3900 Cum
572 3836 622 3902 sic
644 3835 703 3900 diu
725 3832 867 3898 affectus
889 3845 1011 3903 essem,
1034 3842 1122 3888 nunc
1140 3829 1272 3912 tempus

177 3934 289 4016 ipsum
310 3936 397 4002 hanc
424 3955 495 4002 rem
520 3939 598 4022 egit.
642 3935 718 4002 Etsi
740 3934 826 3998 enim
852 3947 930 3994 mea
951 3925 1036 3990 ratio
1058 3933 1186 3996 mutata
1205 3949 1273 3998 non

55 4106 59 4117 ,
177 4041 283 4114 esset,
311 4043 417 4103 tamen
446 4043 571 4122 quanta
600 4035 791 4126 pertinacia
817 4035 1008 4116 quantoque
1039 4026 1138 4096 animi
1160 4031 1273 4101 studio

241 4149 329 4217 Delpl.
339 4159 364 4204 et
373 4153 429 4206 Ver.
441 4153 508 4204 ctae.
685 4151 717 4199 A.
730 4147 793 4198 Geli·
1184 4145 1208 4196 A
