3014 4724
239 181 282 246 16
619 199 751 246 sscour
775 197 959 248 crtouovrr

239 345 423 425 semetque
439 340 749 406 animadvertissem
774 340 991 423 diligentiam,
1008 349 1078 408 tum
1091 345 1135 409 ob
1151 345 1228 429 ipsa
1243 347 1333 412 exul·

238 443 365 508 tavisse
389 461 442 506 me
466 441 583 515 fateor.
598 445 670 506 tum
693 442 738 506 ob
759 443 970 524 possessoris
996 445 1180 510 amicitiam
1194 465 1333 530 prorsus

238 542 469 610 inaestimabili
491 541 652 606 felicitate
671 543 886 626 acquisitam,
902 545 1001 630 cnjus
1021 553 1053 610 te
1068 549 1239 612 consciunt
1255 549 1335 613 fecit

237 645 416 722 dedicatio,
429 663 504 708 cum
520 645 616 710 aliter
632 645 762 709 solvere
777 653 886 726 grates
902 646 1035 712 debitas
1049 649 1227 732 nequirem.
1264 650 1334 714 Sed

238 749 343 814 etiam
356 747 463 810 libens
489 746 595 810 fateor
618 765 673 810 me
699 747 897 810 obstrictum
911 747 1006 813 Viris
1031 749 1274 816 Eruditissimis
1298 757 1335 815 et

238 848 467 916 Amicissimis
483 848 586 914 Petro
602 849 795 914 Burmanno
810 859 845 913 et
859 849 1038 916 Theodoro
1052 852 1200 918 iohanni
1214 851 1333 916 Scbal·

235 952 389 1032 bruchio,
405 952 484 1016 dum
498 951 555 1016 hic
571 951 727 1016 editionis
742 949 880 1016 Antonii
905 951 1050 1036 Gryphii
1065 955 1141 1019 enni
1162 953 1257 1019 1566.
1271 972 1334 1018 ex·

234 1055 362 1139 emplar
377 1054 420 1120 ab
434 1052 592 1118 Jobanne
616 1051 751 1118 isaacio
767 1053 921 1118 Pontano
936 1059 1129 1138 usurpatum
1142 1061 1177 1120 et
1190 1047 1245 1120 hid
1262 1056 1333 1122 illic

234 1155 470 1240 conscriptum,
490 1154 548 1220 illc
571 1153 750 1218 editionem
775 1153 987 1220 Brixieosem
1006 1161 1124 1240 sponte
1138 1157 1219 1221 mihi
1235 1159 1332 1222 obtu-

233 1259 357 1338 lerunt;
380 1257 501 1342 quibus
516 1255 650 1339 publico
668 1255 794 1338 gratias
817 1275 892 1340 ago,
911 1257 993 1341 quia
1016 1257 1146 1323 videbis
1158 1265 1332 1344 utrumque

235 1360 362 1425 alicubi
378 1359 486 1424 citeri.

277 1461 336 1526 Sic
350 1479 426 1526 curn
442 1468 525 1544 post
538 1462 650 1526 omnia
665 1459 755 1546 typis
771 1462 927 1526 ebsoluta
941 1459 1106 1544 praet’atns
1121 1459 1252 1526 viderer
1271 1461 1332 1526 tibi

232 1565 393 1631 rationem
408 1583 492 1628 meae
516 1583 641 1646 operee,
662 1583 763 1647 quam
788 1563 852 1628 huc
876 1582 985 1646 usque
1007 1561 1198 1647 impendere
1224 1563 1329 1640 volui,

232 1664 430 1742 reddidisse,
447 1670 484 1730 ut
499 1665 573 1749 jum
598 1667 713 1732 liceret
728 1667 838 1731 aulaea
863 1665 991 1744 tollere,
1015 1667 1128 1730 subito
1152 1665 1331 1730 admoneor

231 1766 417 1851 inopinatae
429 1767 606 1834 molestiae.
630 1767 769 1851 Quippe
784 1767 887 1832 otiam
901 1786 990 1832 nunc
1004 1767 1176 1850 quomodo
1190 1765 1330 1832 inscribi

232 1867 366 1934 deberet
379 1869 442 1935 hoc
458 1889 559 1955 opus,
583 1871 767 1935 deliberare
788 1868 897 1934 debui.
942 1867 1032 1932 Nam
1048 1887 1126 1933 cum
1140 1874 1241 1934 caute
1254 1867 1330 1952 plu-

232 1969 307 2034 rimi
322 1970 458 2038 titulum
481 1971 617 2036 iecerint
634 1969 679 2036 A.
696 1966 796 2034 Gellii
811 1967 922 2034 Noctes
947 1967 1071 2046 Attice,
1089 1975 1160 2034 tum
1177 1969 1330 2034 Badianu

232 2073 352 2137 maluit
367 2069 449 2136 Aeli
465 2068 565 2134 Gellii
586 2067 733 2134 Noctium
754 2069 934 2133 Atticarum
951 2067 1005 2133 lio.
1022 2086 1109 2134 xlx.
1133 2069 1262 2135 additur
1275 2087 1330 2134 ru·

234 2172 329 2237 brica
354 2170 461 2249 (Nam
476 2181 599 2235 octavus
612 2180 726 2255 preter
750 2169 853 2254 capito
869 2169 1078 2250 desideratur)
1099 2170 1242 2256 pluribus
1258 2169 1330 2234 loeis

233 2293 327 2358 quum
349 2271 480 2336 antebac
497 2273 689 2360 integriores.
733 2270 891 2338 Vetustm
918 2273 1079 2338 editiones
1099 2275 1191 2338 nulla
1211 2274 1330 2337 habita

232 2393 313 2439 cura
325 2375 437 2440 octavi
451 2375 528 2439 libri
543 2376 576 2440 in
592 2373 825 2440 nonodecimo
840 2372 967 2438 liniunt.
990 2371 1099 2438 Aldus
1115 2379 1224 2438 autem
1236 2393 1327 2438 anno

233 2477 329 2544 1515.
340 2477 556 2562 inscripserat
571 2475 651 2540 Auli
668 2470 771 2536 Gellii
787 2469 932 2536 Noctium
946 2471 1126 2538 Atticarum
1145 2471 1220 2538 libri
1233 2473 1328 2540 uude·

231 2580 354 2668 viginti,
369 2601 445 2645 cum
460 2585 494 2642 et
507 2587 672 2660 agnoscat
692 2576 807 2658 capita
829 2575 905 2641 libri
930 2578 1053 2654 octavi,
1068 2585 1104 2642 ct
1117 2581 1150 2642 in
1164 2597 1329 2662 processu

233 2684 345 2768 operis
368 2681 491 2744 babeat
514 2680 634 2744 librum
658 2693 729 2742 xx.
744 2677 908 2742 ultimum.
953 2679 1037 2744 Cum
1060 2680 1190 2744 interim
1212 2699 1328 2746 omnes

231 2785 277 2850 itu
291 2787 400 2866 agant,
423 2781 520 2864 quasi
542 2779 770 2844 nescivissent
791 2780 826 2842 in
849 2779 1016 2865 principio
1039 2781 1116 2846 libri
1140 2797 1191 2846 vr.
1208 2801 1328 2868 accep·

231 2891 300 2948 tam
309 2885 488 2968 jacturam.
514 2880 584 2946 Sed
600 2882 702 2946 etiam
717 2881 818 2947 modo
833 2883 1009 2948 exhibetur
1022 2883 1102 2949 mihi
1117 2883 1329 2949 Bibliotheca

232 2983 355 3048 Lutina
368 3004 431 3049 seu
447 2984 580 3050 Notitia
601 2982 788 3048 Auctorem
813 2983 971 3050 Veterum
987 2985 1196 3065 Latinorum,
1211 2986 1244 3050 io
1260 3005 1328 3069 qua

232 3105 311 3169 pag.
328 3086 379 3150 12
394 3087 565 3152 scribitur:
591 3084 712 3150 Extant
730 3083 877 3152 Noctium
891 3085 1069 3150 Atticarum
1083 3087 1127 3150 ud
1140 3085 1250 3152 liberos
1261 3109 1328 3152 suos

232 3187 308 3252 libri
323 3205 393 3254 xx.
438 3187 476 3254 Si
490 3194 617 3267 extant,
632 3194 718 3254 certe
734 3191 777 3254 ab
792 3190 1079 3274 aliquoinspectoe
1093 3196 1219 3256 suntet
1234 3209 1329 3256 usur·

233 3298 346 3374 patoe;
369 3291 461 3376 quod
476 3293 506 3356 si
527 3293 577 3356 ita
598 3296 661 3368 est,
681 3291 899 3356 obstrinxerit
916 3297 1002 3356 certe
1017 3311 1079 3356 nos
1094 3291 1284 3375 plurimum,
1299 3293 1329 3355 si

232 3411 425 3458 communes
451 3393 596 3458 voluerit
617 3412 704 3458 csse.
748 3393 815 3457 Sed
838 3393 937 3458 video
960 3413 1044 3457 mox
1065 3393 1136 3458 illic
1159 3393 1237 3458 addi
1253 3395 1328 3458 libri

231 3496 345 3560 octavi
366 3495 441 3560 sola
466 3502 662 3579 argumenta
685 3493 729 3559 ad
752 3515 813 3560 nos
839 3497 1045 3580 pervenisse,
1069 3505 1109 3560 nt
1130 3512 1245 3558 verear
1261 3500 1327 3558 tam

229 3597 350 3662 frustra
365 3595 445 3662 illud
461 3598 554 3682 prius
568 3600 752 3683 expectari,
768 3620 869 3682 quam
890 3605 1010 3666 temere
1025 3605 1084 3664 aut
1098 3599 1148 3661 sic
1165 3597 1328 3677 seriptum

229 3703 281 3762 est
295 3705 424 3776 extero,
448 3705 507 3764 ant
529 3699 781 3764 commendatur
801 3701 904 3765 editio
928 3699 1049 3782 Thysii
1068 3703 1101 3761 et
1116 3695 1246 3772 Oiselii,
1262 3695 1327 3760 ini·

230 3801 394 3878 quissima
403 3801 555 3884 profecto
570 3803 746 3880 sententia,
761 3807 797 3866 ut
806 3821 883 3885 quae
894 3803 1015 3867 hebeat
1024 3799 1150 3864 selectu
1163 3815 1207 3860 ex
1223 3799 1327 3862 variis

194 3955 204 3978 ,
229 3895 499 3966 doctissimorum
513 3903 682 3968 bominum
699 3904 834 3986 scriptis
847 3899 1083 3968 commentaria
1094 3905 1128 3964 et
1142 3897 1328 3984 subjectum

230 4003 424 4065 accuratum
440 4003 585 4069 indicem
602 4007 804 4090 scriptorum
815 4024 836 4071 a
848 4003 962 4070 Gellio
975 4003 1204 4086 allegatorum.
1228 4000 1326 4066 Com·
