3014 4724
232 174 276 240 30
526 183 783 236 cuarsmnrrus
807 183 1026 236 rnnsrunus

232 352 311 400 mox
326 331 450 396 ibidem
464 328 683 413 subjiciuntur
694 347 702 393 :
715 333 736 404 ,‘
745 325 914 406 Quantum
929 336 1037 396 eutem
1049 333 1128 400 vitre
1138 333 1218 400 mihi
1230 334 1322 402 deiu-

231 453 314 517 ceps
331 433 442 498 Deum
455 430 634 495 voluntate
649 431 725 508 erit,
749 439 973 515 quantumque
988 452 1009 496 a
1031 436 1151 500 tuenda
1170 457 1205 501 re
1228 438 1322 503 sami·

229 535 303 600 liari
318 531 594 617 procurandoque
606 533 700 597 cultu
711 533 885 598 liberorum
895 553 1042 600 meorum
1051 535 1188 601 dabitur
1197 540 1323 621 otium;

229 657 271 702 ea
285 638 397 702 omnia
411 634 582 699 subsiciva
596 641 629 699 et
642 635 908 700 subsecundaria
931 643 1082 722 tempora
1102 638 1145 702 ad
1167 641 1323 724 colligen-

229 739 292 804 das
305 735 533 823 hujuscemodi
548 739 777 801 memoriarum
799 737 1121 821 disceptatiunculas
1142 740 1321 808 conseram.

229 839 464 924 Progredietur
485 838 585 922 igitur
603 858 758 903 uumerus
781 838 951 916 librorum,
975 839 1052 904 Diis
1068 841 1154 906 bene
1170 843 1322 928 juranti·

227 946 303 1022 bus,
323 961 402 1008 cum
417 941 524 1026 ipsius
540 940 620 1004 ritae
637 938 894 1022 progressibus!

269 1044 385 1130 Atque
400 1051 439 1108 ut
452 1043 598 1109 ordinem
620 1041 834 1108 Praefatiouis
860 1039 1027 1108 Gelliauoe
1042 1062 1177 1127 sequar,
1188 1047 1324 1130 scripsit

228 1149 351 1216 Noster
365 1150 398 1213 iu
413 1146 553 1230 gratiam
567 1151 602 1209 et
615 1145 869 1210 emolumentum
884 1145 1066 1210 liberorum
1080 1166 1238 1231 suorum;
1261 1153 1271 1184 ‘
1285 1157 1322 1213 ut

225 1253 278 1320 his
293 1255 422 1336 paratus
437 1247 626 1313 istiusmodi
647 1245 865 1310 remissiones
886 1254 1008 1328 essent,
1030 1247 1171 1331 quando
1191 1251 1321 1316 animus

226 1371 353 1431 eorum,
367 1349 586 1416 interstitione
609 1347 725 1432 aliqua
745 1348 952 1429 negotiorum
976 1348 1069 1428 data,
1088 1350 1198 1414 laxari
1212 1349 1321 1416 indul·

226 1455 360 1540 gerique
384 1452 555 1536 potuisset
565 1447 585 1515 :'
605 1447 709 1534 (cous.
730 1446 882 1512 Walckii
905 1448 1052 1514 Diatrib.
1075 1451 1118 1514 de
1143 1451 1319 1516 Dedicati·

226 1558 347 1623 cuibus
366 1554 541 1619 Librorum
563 1558 710 1615 veteram
737 1549 933 1614 Latinorum
947 1569 1024 1635 cap.
1047 1568 1082 1614 ν.
1098 1571 1131 1636 p.
1145 1549 1217 1635 47.)
1237 1571 1319 1617 usus

225 1656 367 1723 ‘ordine
382 1665 490 1719 rerum
503 1652 655 1731 fortuito,
670 1671 769 1734 quem
783 1657 861 1717 aute
881 1653 915 1716 in
934 1653 1145 1737 excerpendo
1161 1653 1289 1718 iecerat
1299 1652 1321 1718 τ’

225 1757 312 1844 quod
328 1755 460 1840 quidem
475 1753 654 1820 consilium
674 1752 737 1818 Vir
752 1745 969 1819 doctissimus
992 1754 1185 1820 Ludovicus
1209 1755 1319 1822 Vives

225 1859 336 1926 Gellio
351 1877 461 1942 usque
477 1857 562 1921 adeo
579 1857 665 1921 vitio
685 1857 794 1934 vertit,
814 1863 853 1920 ut
867 1856 955 1921 huuc
972 1863 982 1892 ‘
997 1857 1165 1922 hominem
1181 1858 1318 1942 rhapso-

224 1961 421 2047 dumplanc,
432 1969 466 2025 et
476 1965 699 2042 congestorem
708 1959 935 2042 potiusquam
948 1957 1164 2039 digestorem'
1173 1961 1318 2044 compel-

223 2063 293 2130 lare
308 2084 373 2128 non
385 2063 603 2127 erubescatiu
621 2061 645 2124 l.
664 2077 719 2124 ιιι.
731 2061 774 2124 de
784 2060 971 2125 Tradcudis
983 2061 1183 2144 Discipliuis
1193 2083 1227 2146 p.
1238 2059 1315 2127 532.

225 2163 317 2244 Quid
330 2166 434 2231 verul
458 2165 487 2228 si
510 2162 721 2246 ‘rhapsodus
743 2170 778 2227 et
792 2162 988 2246 congestor’
1009 2163 1251 2229 contumeliose
1267 2161 1317 2228 di·

224 2265 348 2330 cendus
364 2270 416 2328 est
435 2263 580 2340 Gellius,
605 2265 696 2349 quod
719 2263 906 2329 variamet
927 2265 1110 2329 miscellam
1132 2265 1316 2330 doctrinam
1419 2345 1423 2353 ⁸

223 2365 429 2449 ‘indigeste’
450 2363 505 2451 (ut
530 2365 604 2448 ipsc
626 2364 757 2431 Gellius
785 2365 927 2448 ingenue
948 2373 983 2430 et
1003 2367 1153 2432 modeste
1180 2365 1316 2450 fatetur)

222 2469 321 2534 uobis
343 2467 501 2550 tradidit;
526 2465 656 2554 (revera
679 2467 760 2552 quia
784 2469 893 2532 miuus
916 2469 1096 2534 honorifice
1120 2469 1162 2532 de
1186 2469 1315 2534 Seneca

221 2572 355 2638 homino
371 2561 528 2653 Hispano
543 2570 756 2634 existimasse
769 2569 903 2635 videtur
911 2567 938 2651 ς)
952 2589 1020 2634 uon
1031 2569 1129 2635 video
1145 2571 1313 2654 prosectu,

221 2695 288 2760 quo
304 2679 406 2759 pacto
420 2670 506 2734 hauc
520 2676 635 2734 uotam
649 2669 817 2753 effugiant,
832 2679 892 2737 aut
907 2669 1065 2736 Veterum
1080 2672 1241 2757 plerique,
1257 2675 1315 2758 qui

221 2775 349 2849 rotulari
373 2769 496 2856 impias
521 2777 555 2836 et
576 2771 700 2838 similia
722 2775 900 2858 scripsere,
923 2783 1024 2858 atque
1048 2777 1083 2839 in
1107 2775 1160 2840 his
1184 2775 1315 2840 Plinius

220 2877 361 2955 Junior3
393 2871 441 2958 (is
462 2875 578 2938 etenim
602 2874 777 2960 Epistulas
799 2877 909 2943 edidit
929 2897 996 2942 nou
1011 2884 1143 2944 servato
1158 2877 1314 2960 temporis

222 2977 360 3044 ordine:
389 2979 519 3059 ‘neque
543 2977 652 3054 enim,'
673 2979 794 3063 inquit,
817 2979 1013 3044 ‘historiam
1040 2979 1281 3061 componebam
1295 2976 1315 3058 ;'

221 3079 281 3146 sed
303 3085 342 3164 ut
363 3097 506 3163 quaeque
531 3080 567 3142 in
587 3099 706 3144 manus
728 3089 874 3146 venerat.
919 3079 962 3144 V.
981 3081 1004 3144 l.
1022 3097 1046 3143 ι.
1063 3079 1174 3163 Epist.
1190 3075 1233 3164 ι.)
1257 3083 1314 3143 aut

219 3181 413 3248 recentioris
427 3187 527 3264 atquo
540 3187 659 3248 nostrae
674 3183 844 3247 memoriae
866 3183 1063 3264 Scriptores,
1077 3180 1165 3245 Phil.
1181 3179 1314 3245 Beroal-

221 3285 295 3364 dus,
311 3283 369 3356 Jo,
383 3283 542 3366 Baptista
565 3283 662 3360 Pius,
688 3283 917 3368 Hieronymus
942 3281 1088 3364 Magius,
1111 3283 1229 3348 Franc.
1245 3281 1313 3348 Rc·

218 3385 392 3464 bortellus,
415 3383 471 3449 Jo.
495 3385 670 3460 Brodaeus,
695 3383 743 3446 Μ.
766 3383 936 3449 Antonius
961 3383 1124 3460 Muretus
1150 3383 1312 3449 innumeri

219 3487 277 3551 alii
306 3485 604 3551 Misceliauoorum
633 3485 832 3568 Scriptores,
854 3489 911 3570 qui
933 3484 1076 3572 ῥαψωδιαν
1095 3485 1213 3570 (verbo
1239 3489 1311 3546 utor

219 3587 402 3672 Ludorici)
416 3587 603 3654 Gellianam
618 3587 673 3652 vel
689 3589 790 3654 tacite
805 3589 925 3654 imitati
941 3597 1028 3667 suut,
1043 3588 1098 3652 vel
1111 3605 1186 3652 sese
1201 3585 1311 3648 imita-

219 3701 273 3754 tos
287 3693 402 3775 palam
417 3689 622 3775 profitentur.

259 3791 564 3858 Commentationes
581 3811 661 3858 suos
675 3789 847 3873 inscripsit
859 3789 1012 3856 Noc‘rus
1028 3789 1210 3865 uerrere,
1227 3805 1313 3872 quo-

218 3889 308 3952 niam
321 3892 514 3977 longinquis
529 3913 590 3977 per
603 3893 754 3978 hyemem
768 3891 921 3956 noctibus
936 3893 970 3957 in
980 3911 1059 3975 agro
1071 3898 1166 3955 terrae
1184 3889 1310 3956 Attica

218 3987 330 4054 ludere
345 3993 509 4058 nefacere
525 4013 584 4058 cas
599 4014 741 4060 exorsus
755 3993 871 4060 iuerat.
917 3993 1006 4073 Quae
1020 3993 1155 4077 quidem
1170 3994 1311 4060 innoxia
