3014 4724
235 205 283 272 ut
512 231 514 236 ¹
538 219 798 272 cunrsrrauus
821 221 1039 273 ransrnnus

237 365 316 436 Ter.
345 363 511 443 Varrone]
539 383 607 430 uon
636 383 750 428 meum
767 363 931 446 judicium
955 365 1038 431 estr'
1070 373 1103 432 et
1127 368 1151 433 l.
1168 383 1208 432 x.
1232 371 1328 436 c.22.

239 469 406 536 ‘Vertere
420 488 461 536 ea
482 467 599 549 [verba
620 465 789 546 Platonis]
811 467 987 530 consilium
1010 487 1075 532 non
1098 468 1174 547 t'uit,
1198 489 1275 535 cum
1289 473 1329 536 ad

237 570 457 656 proprietates
465 586 579 630 eorum
587 585 794 650 nequaquam
805 567 914 649 possit
924 567 1046 632 Latina
1054 570 1330 653 oratioaspirare,

239 691 281 737 ac
299 667 531 735 multominus
554 666 653 731 etiam
669 666 765 732 mea!
779 666 866 731 Item
881 667 902 731 l.
921 683 976 731 xt.
991 687 1022 731 c.
1036 671 1088 732 13.
1132 674 1142 704 ‘
1160 669 1249 736 Haec
1266 693 1328 755 ego

239 768 409 844 admonui,
424 787 492 831 nou
506 773 543 834 ut
556 765 594 830 G.
610 765 766 831 Graccho
781 767 866 831 vitio
882 766 1005 847 darem,
1016 771 1094 854 (Dii
1110 772 1198 836 enirn
1213 773 1330 838 melio·

238 889 308 938 rem
323 875 462 934 mentem
477 868 575 932 mihi:
598 887 673 932 unm
686 869 716 932 si
730 869 912 952 quicquam
922 869 957 932 iu
969 876 1037 934 tam
1051 871 1146 937 fortis
1161 874 1330 940 facundiae

238 975 309 1040 viro
323 973 395 1038 vitii
410 971 463 1036 vel
477 973 596 1035 erroris
610 989 686 1034 esse
702 971 772 1034 dini
792 975 918 1053 potest,
935 971 970 1034 id
985 991 1083 1036 omne
1098 979 1133 1039 ot
1148 977 1330 1042 auctoritas

239 1073 313 1160 ejus
322 1073 486 1148 exhausit,
499 1079 535 1136 et
545 1079 696 1138 vetustas
707 1069 910 1155 consumsit)
918 1070 937 1137 :'
952 1079 1023 1137 tum
1035 1090 1219 1153 mantuae,
1229 1095 1331 1159 quam

238 1177 271 1240 iu
285 1175 398 1240 Gellio
414 1179 528 1238 nostro
549 1171 667 1237 laudet
689 1173 902 1256 aequissimns
923 1175 1066 1260 quisquo
1093 1173 1196 1258 hujus
1210 1176 1332 1257 ingenii

245 1275 446 1346 aestimator:
473 1291 507 1338 v.
530 1273 694 1338 Borrichii
711 1273 816 1336 nostri
840 1272 1023 1356 Conspect.
1050 1275 1175 1360 Script.
1202 1277 1243 1342 t..
1260 1276 1336 1342 Lat.

239 1377 319 1462 537.
329 1399 363 1462 p.
378 1375 431 1442 82.
455 1373 603 1442 Morbos.
618 1373 661 1438 de
677 1373 900 1440 Patavinitate
916 1375 1005 1442 Livii
1022 1397 1098 1460 cap.
1112 1391 1183 1442 xrr.
1207 1397 1241 1462 p.
1257 1378 1331 1443 153.

238 1481 299 1543 &c-
343 1476 443 1541 Certe
467 1476 570 1559 plagii
596 1495 671 1540 eum
694 1495 791 1540 nemo
806 1476 1060 1557 insimulaverit,
1075 1479 1168 1563 quod
1184 1479 1332 1545 certissi-

238 1597 328 1644 mum
342 1585 395 1642 est
409 1576 580 1660 requitatis
603 1577 783 1660 indicium;
810 1597 908 1644 nemo
926 1579 1169 1646 malevolentia
1183 1586 1218 1646 et
1231 1601 1330 1646 novae

239 1677 498 1756 obtrectationis,
518 1678 577 1760 qui
601 1679 736 1742 morbus
761 1697 827 1746 uon
851 1698 926 1744 raro
942 1680 1086 1746 cutiens
1108 1687 1219 1746 tenere
1234 1681 1330 1746 solet.

239 1779 307 1846 Sed
324 1777 455 1846 offendo
469 1778 556 1844 torte
578 1779 713 1844 Senecae
734 1779 875 1866 (dequo
896 1783 1001 1865 paulo
1018 1783 1168 1848 acerbius
1177 1782 1331 1865 judicare

136 1915 139 1920 ·
239 1881 365 1950 Noster
375 1881 504 1948 videtur
517 1881 540 1944 l.
550 1897 619 1944 ιιι.
635 1877 725 1965 0.,2.)
739 1880 903 1965 lipsium,
921 1882 1131 1961 Caussinum,
1147 1881 1332 1948 Nicolaum

240 1981 432 2062 Antonium,
448 1982 636 2066 complures
646 1981 745 2060 alins,
758 1981 863 2067 (quos
873 1984 1107 2049 celeberrimus
1123 1991 1239 2048 nostor
1253 1985 1331 2050 Ser.

239 2084 436 2168 Lintrupius
451 2089 614 2149 memorat
639 2083 674 2150 in
696 2085 832 2150 erudita
847 2085 1047 2150 Praeintione
1068 2084 1112 2152 ad
1126 2085 1184 2152 Jo.
1198 2084 1231 2149 J.
1248 2087 1332 2150 Sua-

239 2187 343 2268 uingii
370 2183 588 2268 Theologiam
612 2185 751 2250 Senecas
781 2184 980 2251 Naturalem
1010 2181 1334 2268 contemplativam)

239 2286 434 2370 gravissime
449 2305 530 2350 vero
543 2286 690 2351 omnium
705 2283 866 2350 carolum
892 2286 1123 2364 Paschalium,
1137 2287 1195 2369 qni
1208 2307 1242 2368 p.
1258 2285 1333 2350 160.

239 2392 251 2421 ‘
266 2387 308 2451 de
321 2385 462 2470 Optimo
478 2386 611 2454 Genera
625 2385 834 2450 Elocutionis
849 2385 857 2414 '
882 2388 934 2452 his
949 2389 1105 2452 convitiis
1121 2387 1266 2452 Gellium
1280 2388 1332 2452 ui-

239 2489 341 2556 mium
355 2509 454 2575 quam
469 2489 683 2555 inclementer
696 2486 903 2569 proscindit:
929 2493 939 2522 ‘
955 2487 1060 2551 Nullo
1075 2487 1184 2552 adhuc
1198 2489 1332 2552 nomino

240 2599 290 2660 est
301 2593 344 2670 is,
358 2593 414 2674 qui
424 2590 467 2656 ad
477 2591 511 2654 id
521 2589 694 2654 felicitatis
705 2588 824 2664 evasit,
834 2595 872 2651 nt
882 2589 1027 2654 evaserit
1040 2607 1173 2652 morsus
1186 2587 1332 2670 alicujus

240 2693 404 2756 edentatae
418 2689 555 2769 belluae,
567 2689 723 2774 quamvis
738 2689 867 2753 irritos:
891 2697 1097 2774 quapropter
1112 2687 1192 2754 nihil
1202 2689 1333 2766 mirum,

240 2793 270 2856 si
284 2812 325 2856 ne
345 2790 475 2854 Seneca
498 2791 634 2874 quidem
657 2789 882 2855 sauciantium
905 2789 1087 2873 linguarum
1102 2809 1256 2855 susurros
1270 2789 1332 2854 im-

240 2893 366 2974 probos
382 2891 487 2954 vitare
498 2893 619 2975 potuit.
661 2889 770 2956 Adest
784 2892 874 2956 euim
889 2892 962 2970 iste,
978 2911 1185 2976 quocumque
1197 2891 1332 2956 nomine

242 2995 303 3066 ost,
317 2991 389 3055 sire
407 2990 507 3055 Aulus
524 2989 647 3056 Gellius
669 2995 742 3058 sivo
759 2991 913 3080 Agellius,
929 3013 1067 3076 magnus
1093 2995 1127 3056 iu
1149 2993 1253 3057 litatis
1274 3011 1332 3056 re-

241 3098 376 3169 tentor,
405 3097 439 3158 et
466 3111 562 3172 uaso,
591 3093 714 3178 nequid
747 3093 859 3158 dicam
886 3093 971 3158 inira
999 3111 1079 3170 rem,
1121 3091 1333 3157 Rhinocero-

241 3195 330 3272 nico,
345 3193 404 3258 scd
419 3193 550 3260 hercule
564 3215 778 3280 nequaquam
802 3195 856 3261 hic
879 3203 950 3261 tam
971 3195 1112 3272 adunco,
1133 3213 1232 3280 quam
1256 3213 1333 3278 pra·

241 3315 286 3363 vo
307 3303 341 3362 et
361 3297 474 3361 obeso.
517 3296 681 3381 Equidem
715 3297 791 3380 ejus
820 3299 927 3381 capiti
961 3304 1186 3380 quantumque
1213 3294 1333 3360 Musa-

241 3417 326 3480 rum,
352 3387 578 3482 quantnmque
597 3405 650 3463 est
673 3397 877 3476 Gratiarum,
904 3399 1068 3464 infensum
1098 3397 1202 3462 inisse
1227 3395 1333 3460 credi-

243 3497 360 3578 derim,
383 3517 459 3564 curn
483 3502 551 3562 tam
569 3497 778 3562 immundum
790 3505 827 3564 et
838 3499 1094 3580 ignominiosum
1109 3498 1233 3562 dietum
1256 3513 1332 3559 cre·

242 3601 315 3684 puit
333 3601 367 3665 in
386 3605 517 3665 tantum
531 3599 647 3664 virum.
693 3597 741 3664 At
755 3601 857 3665 etiam
874 3601 1020 3684 pauculo
1046 3597 1199 3681 quaedam
1213 3595 1256 3659 ab
1269 3594 1332 3660 illo

241 3703 364 3768 fatetur
376 3702 458 3766 bene
475 3701 575 3766 dicta.
620 3699 675 3764 Ex
695 3699 750 3764 hie
772 3719 871 3764 uuum
893 3701 975 3765 illud
995 3699 1121 3784 profert
1141 3693 1332 3778 conjectum

242 3803 276 3865 iu
298 3803 433 3867 avidum
460 3809 494 3868 et
516 3803 668 3885 pecuniae
693 3801 873 3866 sitientem:
908 3801 1028 3879 ‘Quid
1049 3799 1149 3864 refert
1168 3804 1333 3882 quantum

241 3901 392 3967 habeast
416 3905 529 3969 Multo
542 3905 623 3969 illud
637 3905 715 3986 plns
729 3909 782 3966 est
801 3901 891 3984 quod
912 3921 978 3967 non
1002 3896 1128 3967 natm?
1171 3897 1222 3964 Os
1236 3901 1333 3983 pugi-

241 3999 422 4067 tis-&cl
464 4003 562 4068 Bona
590 4004 704 4082 verba,
729 4021 866 4088 quaeso:
904 4021 980 4068 amo
1009 4009 1045 4067 et
1069 4019 1131 4086 ego
1153 4001 1332 4078 Senecam,
