3014 4724
629 243 832 294 ranrnrro.
1235 235 1277 302 ll

183 395 252 456 tum
267 409 376 474 usquc
391 387 433 454 ad
447 389 487 451 rel
510 387 699 454 ‘adversus
713 387 801 454 ictus
818 386 909 454 Solis
920 389 948 454 ε’
970 391 1005 456 in
1021 391 1145 476 quibus
1165 390 1277 460 linitur

184 511 262 575 pag.
282 493 355 558 atti.
370 491 464 580 (quae
478 493 513 558 iu
532 491 601 556 ista
619 489 765 554 editione
779 489 947 556 incidebat
959 492 993 556 in
1004 501 1104 576 capnt
1118 503 1277 578 quartum

183 595 259 660 libri
274 599 375 676 sexti)
390 594 594 670 cossatiouis,
610 611 710 676 qnam
727 591 810 656 milri
832 592 928 658 misit
948 591 1056 657 lilius!
1088 595 1181 664 Hinc
1195 617 1276 682 ergo

183 698 406 782 progredienti
427 699 515 762 inter
537 696 631 760 varie
646 693 784 760 fastidia
798 694 834 759 iu
849 691 1041 759 adhibendo
1061 698 1277 778 quibuscum·

183 817 248 882 que
263 799 486 866 varietatibus
507 795 653 879 judicio,
676 796 756 862 vitm
779 795 881 860 simul
895 802 930 860 et
943 795 1044 878 liujus
1059 814 1171 878 operm
1183 803 1277 870 filum

182 901 214 966 ei
228 911 365 986 ruptum
378 909 444 980 est,
466 905 649 984 postquam
670 899 704 962 in
722 897 880 964 mundum
895 898 1080 982 redegisset
1092 899 1179 978 boec,
1198 919 1276 985 quae

181 1008 216 1068 et
238 1008 318 1068 ante
341 1021 446 1066 anuos
470 998 656 1066 octodecim
678 1000 851 1083 publicari
873 1005 908 1064 et
929 1019 1017 1066 nunc
1036 1003 1156 1068 iterum
1174 1003 1278 1070 vides.

181 1103 269 1170 Gom
283 1103 414 1169 interim
436 1103 521 1176 iuter
541 1101 708 1168 liturarios
726 1102 869 1168 laterent
882 1103 993 1168 adhuc
1009 1104 1165 1188 quadam
1180 1105 1280 1170 semi·

182 1204 351 1290 perfecta,
374 1205 442 1272 alia
459 1211 582 1272 tantum
597 1205 688 1290 quod
702 1205 860 1272 inchoata
872 1213 908 1272 et
921 1207 1048 1291 primas
1062 1207 1280 1288 cogitationis

185 1307 231 1372 ad
245 1308 482 1374 emendandum
505 1326 694 1391 progressae
722 1309 830 1374 linem
851 1307 1023 1386 babentia,
1046 1327 1124 1392 quae
1138 1315 1216 1374 tunc
1231 1308 1280 1374 se-

180 1408 350 1487 iellerunt,
365 1415 401 1474 et
419 1415 542 1493 postea
559 1409 707 1488 demum,
730 1429 807 1474 cum
826 1409 1015 1476 densiorem
1029 1410 1196 1493 paulatim
1209 1411 1280 1494 ple·

178 1515 271 1576 cerat
285 1508 399 1576 Gellio
413 1529 529 1576 curam
543 1509 719 1594 impartiri,
733 1510 769 1574 in
784 1531 902 1576 manus
912 1519 949 1576 et
958 1517 1172 1597 conspectum
1182 1531 1281 1576 veno·

179 1617 266 1689 runt,
282 1631 358 1695 quae
372 1631 462 1678 nunc
476 1613 632 1679 universa
644 1612 879 1698 conjunximus
889 1615 1018 1682 etbona
1027 1615 1095 1682 tide
1106 1615 1280 1699 proximas

179 1715 280 1780 morti
301 1719 449 1798 paternae
472 1715 572 1782 boras
592 1717 628 1782 in
650 1715 764 1782 Gellio
784 1735 892 1800 usque
914 1717 958 1784 ad
979 1719 1055 1784 libri
1074 1719 1153 1784 noni
1173 1721 1281 1800 ceput

182 1817 333 1900 quintum
358 1816 526 1884 decimum
555 1817 730 1884 ederimus.
775 1818 814 1884 Si
839 1837 1081 1900 recognoscere
1103 1819 1176 1884 baec
1202 1820 1281 1900 ipsa

179 1920 321 2001 scripta,
351 1920 382 1984 si
412 1921 567 1986 examine
595 1922 698 1988 altero
723 1919 935 1988 collationem
963 1937 1157 2003 percensere
1184 1917 1281 1982 Patri

179 2019 348 2098 licuisset,
362 2041 433 2086 non
447 2029 648 2106 potestesse
662 2021 814 2099 dubium,
828 2022 910 2104 quin
923 2028 960 2086 et
969 2020 1044 2084 brec
1060 2019 1135 2102 ipsa
1150 2018 1282 2102 pingui·

180 2140 244 2186 ore
274 2122 568 2203 elaboratiuraque
596 2123 721 2188 fuisses
749 2123 793 2186 ab
823 2141 864 2186 eo
897 2122 1085 2198 habiturus,
1114 2128 1149 2186 et
1176 2121 1282 2203 magis

179 2225 306 2288 uberes
321 2223 424 2288 etiam
438 2223 474 2286 iu
486 2221 600 2286 Gellio
614 2221 878 2286 emendationes.
921 2221 990 2286 Sed
1009 2219 1077 2286 ista
1097 2222 1132 2286 in
1150 2239 1281 2288 vanum.

188 2383 192 2394 .
227 2323 362 2390 Harum
377 2325 479 2406 igitur
493 2321 640 2388 omnium
656 2327 707 2388 tot
729 2322 949 2402 notationum,
962 2327 1014 2390 tot
1031 2324 1189 2390 linearum
1205 2343 1282 2390 suc·

183 2428 340 2494 cessione
353 2426 434 2492 mibi
448 2424 609 2510 fratrique
627 2431 788 2509 tauquam
810 2424 925 2490 bercto
938 2445 1007 2492 non
1021 2427 1088 2492 cito
1102 2427 1195 2504 data,
1207 2427 1281 2492 lieri

183 2529 343 2614 nequivit,
357 2535 395 2596 ut
407 2547 475 2594 non
489 2527 680 2611 frequenter
697 2536 843 2596 mentem
857 2528 1044 2612 oculosque
1060 2527 1223 2592 retulerim
1237 2525 1283 2594 ad

184 2651 272 2710 eum,
281 2632 380 2718 cujus
395 2632 429 2696 in
443 2631 614 2715 loquendo
624 2631 826 2715 simplicitas
835 2631 998 2716 leporque
1007 2635 1042 2696 et
1055 2647 1176 2694 vocum
1189 2647 1283 2713 quae-

187 2733 256 2798 sita
269 2735 466 2818 proprietas,
478 2730 705 2815 incolligeudo
718 2732 917 2809 varietas,in
928 2731 1097 2798 studendo
1107 2731 1282 2816 speculum

189 2840 225 2900 ot
238 2835 430 2917 exemplum
445 2836 488 2899 ab
502 2835 635 2900 incunte
652 2840 752 2901 mtate
772 2835 852 2900 mibi
868 2853 1032 2920 perquam
1046 2833 1160 2900 dulcia
1173 2837 1209 2900 et
1222 2833 1281 2898 hu-

187 2937 269 3004 bilia
290 2941 531 3021 apparuerant3
562 2937 714 3020 inprimis
735 2955 814 3002 cum
834 2937 977 3004 Lutetiae
993 2937 1042 3002 itu
1056 2938 1281 3019 processisset

185 3042 256 3108 ista
269 3039 419 3117 collatio,
431 3043 470 3104 ut
482 3047 580 3104 vetus
604 3039 769 3124 scriptura
793 3039 1006 3106 multifariam
1020 3039 1102 3104 mibi
1115 3039 1281 3106 blandire·

187 3143 355 3222 tur,longe
368 3159 409 3206 eo
423 3140 517 3224 quod
530 3141 656 3207 editam
678 3147 712 3208 et
730 3143 928 3226 impressum
940 3149 1024 3222 erat,
1038 3143 1184 3220 suavior,
1197 3141 1283 3206 mol·

187 3243 262 3320 lior,
277 3247 311 3306 et
322 3246 392 3306 tum
407 3242 450 3306 ad
465 3261 563 3308 aures
575 3245 692 3322 lenior,
708 3251 777 3310 tum
797 3243 840 3309 ad
860 3244 1054 3310 'seutentiam
1075 3241 1282 3310 enucleatior

187 3350 222 3409 et
244 3341 427 3428 copiosior.
470 3343 539 3409 Sed
564 3363 639 3411 cum
663 3365 771 3432 nuper
795 3345 927 3414 ederem
949 3345 1108 3423 Paterna,
1121 3341 1204 3408 nibil
1219 3360 1281 3424 ap-

185 3445 397 3530 pendendum
411 3446 657 3528 existimabam,
671 3451 846 3516 sanmutiee
866 3467 951 3514 mem
966 3453 1026 3514 aut
1039 3443 1280 3521 meditationis,

187 3551 348 3634 quoniam
369 3549 444 3615 sola
466 3549 529 3616 illa
556 3551 706 3635 progredi
729 3552 974 3628 desiderabam,
997 3549 1034 3614 id
1061 3563 1197 3612 curasse
1218 3565 1280 3628 pro

186 3657 335 3737 tempore
349 3669 479 3731 amans,
493 3653 524 3717 si
538 3654 582 3718 ab
595 3653 763 3722 vermibus
777 3659 813 3719 et
829 3655 899 3718 situ
912 3654 982 3717 ista
995 3647 1184 3716 domestica
1196 3647 1281 3712 libe·

188 3771 313 3837 rnrem3
334 3755 388 3821 vel
401 3757 484 3840 quia
505 3757 666 3842 quicquid
688 3756 723 3822 id
738 3775 850 3822 meum
864 3761 965 3830 esset,
979 3769 1047 3814 uon
1061 3747 1144 3814 satis
1158 3747 1280 3816 multos

189 3873 292 3922 annos
305 3857 502 3942 mitigatum,
517 3861 969 3936 renovatum,rersatnmque
979 3850 1176 3931 videbatur3
1190 3853 1281 3936 qnod

190 3955 271 4022 mibi
303 3959 474 4045 praecipue
498 3959 535 4024 in
559 3959 624 4026 bac
648 3957 819 4026 scribendi
847 3953 973 4020 ratione
1002 3951 1116 4036 placet
1142 3954 1281 4038 requiri,

190 4059 316 4144 quippe
329 4067 468 4146 experto
485 4060 684 4144 iampridem
704 4059 792 4126 bunc
810 4057 945 4124 unicum
960 4073 1036 4123 esse
1048 4055 1280 4138 modumque
