3014 4724
406 283 452 332 nu
477 281 565 330 vrrs
592 280 637 326 nr
662 280 781 328 ancus
805 281 840 330 r.
862 283 1004 332 nnnnrr.
1209 267 1252 332 25

162 447 263 511 quem
281 429 323 492 ab
348 426 520 492 Hadriano
540 427 574 492 in
594 443 706 490 mores
736 430 839 507 atque
860 425 974 492 literas
999 433 1185 510 spectatum
1205 427 1254 492 ait

163 531 188 594 l.
207 545 291 593 xrrr.
315 549 344 594 e.
359 529 413 594 26.
437 529 568 594 audivit
593 528 794 592 Favorinum
814 525 1054 610 philosophum,
1073 531 1252 614 quem.sub

166 630 340 694 Hadriano
354 631 512 696 floruisse
525 631 625 696 testis
636 638 686 694 est
695 629 900 713 Spartianus
911 629 946 691 in
956 631 1026 694 vita
1035 631 1133 715 hujus
1145 653 1176 696 c.
1187 649 1254 697 Χν.

164 731 295 796 Deinde
309 731 461 810 Athenis,
475 733 536 795 ubi
551 727 722 796 ‘Noctes'
744 747 826 794 suas
842 749 989 794 exorsus
1006 739 1070 807 est,
1085 733 1252 798 Herodem

163 831 314 898 Atticum
330 834 444 908 coluit,
458 833 517 916 qni
533 831 750 897 Consulatum
762 851 839 896 cnm
853 831 1027 915 Torquato
1043 833 1173 896 ineunte
1187 833 1253 897 An·

164 935 266 998 toniui
283 934 337 999 Pii
351 935 492 1018 imperio
507 934 628 1016 gessit3
651 939 690 998 ut
703 935 743 998 de
758 935 916 1000 Cornelio
938 934 1104 998 Frontone
1117 939 1256 1010 taceam,

164 1035 216 1100 Μ.
231 1034 395 1100 Antonini
410 1035 609 1118 Philosophi
622 1035 794 1118 Magistro,
804 1035 901 1122 (Vid.
915 1035 1073 1101 Antonin.
1084 1035 1126 1098 de
1141 1033 1257 1098 Rebus

164 1137 239 1200 suis
250 1137 273 1199 l.
291 1135 512 1220 1.§ll.p.3.
529 1143 562 1201 et
578 1123 738 1203 Gataker.
761 1136 922 1202 Anuotat.
945 1159 978 1221 p.
1001 1137 1054 1201 19.
1071 1133 1139 1219 sq.)
1160 1153 1258 1218 quem

166 1235 304 1300 Gellius
325 1237 358 1302 in
373 1237 491 1302 amicis
507 1238 579 1302 suis
593 1239 769 1323 profitetur
782 1239 808 1304 l.
830 1255 871 1304 11.
887 1259 916 1304 c.
931 1240 985 1304 26.
1002 1253 1088 1302 xrrr.
1102 1237 1156 1304 28.
1172 1251 1258 1300 ΧιΧ.

208 1437 290 1502 Alia
304 1445 354 1503 est
368 1439 470 1504 AEtas
486 1440 602 1519 Gellii,
624 1447 661 1506 ot
680 1441 731 1506 ita
754 1441 875 1518 dicam,
896 1443 1130 1524 Philologica3
1157 1459 1258 1524 quam

164 1538 215 1606 illi
230 1537 466 1622 ‘Argenteum'
481 1541 627 1604 tribuunt
641 1539 663 1605 J
666 1561 719 1608 ac.
736 1542 950 1608 Facoioletus
966 1543 1001 1608 iu
1017 1541 1178 1608 Oratione
1193 1543 1258 1606 ‘de

165 1639 294 1723 Lingua
311 1641 434 1706 Latina
444 1661 512 1706 non
527 1662 571 1706 ex
591 1642 892 1708 Grammaticorum
907 1646 999 1710 libris
1014 1642 1261 1729 comparando’

165 1759 243 1824 pug.
254 1762 298 1806 nr.
312 1743 365 1807 26.
402 1743 567 1809 Cellerius
580 1747 612 1810 iu
627 1745 817 1827 Prolegoru.
832 1747 876 1810 ad
891 1745 997 1811 Cures
1013 1747 1141 1812 Poster.
1156 1767 1192 1829 p.
1206 1745 1259 1808 28.

166 1841 434 1928 liccbenbergius
470 1845 512 1910 de
537 1847 667 1912 Studiis
698 1847 913 1912 Academicis
940 1867 974 1928 p.
1002 1847 1057 1910 98.
1100 1847 1260 1928 Cyriacus

166 1945 359 2012 Guntberus
387 1949 463 2012 Lat.
491 1947 613 2015 Restit.
635 1949 677 2014 P.
701 1967 727 2014 1.
749 1971 784 2033 p.
806 1949 882 2014 286.
925 1948 1103 2012 Walchius
1128 1945 1262 2009 Hister.

164 2047 251 2112 orit.
268 2047 306 2112 1..
322 2049 396 2112 lat.
411 2069 488 2132 cap.
499 2051 530 2112 1.
546 2052 563 2134 ς
578 2051 610 2114 8.
634 2071 667 2132 p.
681 2051 735 2114 66.
751 2050 830 2114 alii:
850 2047 1028 2113 ‘AEneam'
1050 2046 1263 2110 Clarissimus

161 2157 282 2213 noster
310 2148 507 2212 Borriclrius
526 2151 560 2212 iu
584 2149 774 2232 Conspectu
803 2149 923 2231 Script.
951 2148 1026 2213 Lat.
1046 2149 1130 2233 §32
1152 2169 1186 2231 p.
1211 2147 1263 2213 82.

164 2249 243 2332 (qui
259 2249 415 2312 tamenin
428 2246 603 2314 Analectis
615 2249 659 2313 ad
671 2246 900 2330 Cogitationes
909 2267 988 2312 suas
999 2269 1033 2332 p.
1047 2251 1078 2312 5.
1094 2248 1263 2314 ‘Gellium

165 2349 212 2414 ad
227 2354 360 2414 aetatenr
376 2355 566 2432 argenteam
585 2349 802 2432 aliquatenus
824 2349 993 2414 revocnri’
1013 2369 1115 2432 posse
1129 2348 1264 2435 fatetur)

166 2454 247 2516 item
276 2449 454 2516 Fabricius
476 2452 512 2515 in
533 2449 695 2515 Bibliotb.
715 2449 791 2515 Lat.
812 2471 847 2533 p.
869 2449 946 2515 668.
969 2451 1046 2516 alii:
1065 2451 1263 2538 'Ferreamf

168 2551 312 2636 (lenique
324 2553 506 2638 Scioppius
517 2551 877 2635 Gelliomastix,cujus
887 2551 961 2617 haec
976 2551 1159 2616 ferreavox
1169 2553 1264 2616 estin

169 2653 314 2720 Infamia
329 2653 482 2720 Famiani
497 2673 531 2740 p.
547 2653 600 2718 21.
624 2651 754 2736 ‘Cujus
769 2654 903 2718 tandem
921 2651 1042 2737 judicii
1064 2660 1126 2730 est,
1149 2651 1264 2720 serrem

170 2756 286 2820 aetatis
300 2755 493 2838 scriptorem
509 2754 676 2838 Agellium
691 2753 828 2819 imitari'
840 2755 906 2821 ...i
929 2774 1028 2838 quum
1041 2754 1193 2839 Scioppii
1203 2757 1264 2820 im·

172 2857 370 2940 probitatem
394 2854 441 2921 V.
469 2855 510 2920 C.
533 2857 736 2922 Franciscus
757 2853 934 2921 Vavassor
955 2857 1031 2922 Lib.
1054 2857 1095 2921 de
1117 2857 1263 2922 Ludicra

172 2958 329 3024 Dictione
343 2977 372 3022 e.
389 2974 430 3022 rr.
445 2977 478 3042 p.
493 2978 538 3022 m.
551 2960 627 3025 275.
638 2959 768 3024 inbono
782 2958 918 3022 modum
931 2958 1095 3024 retundit:
1119 2957 1262 3042 ‘Neque

171 3059 374 3126 audiendum
395 3061 465 3126 ullo
486 3061 587 3126 modo
609 3067 695 3146 puto
721 3059 904 3144 Gasparem
926 3060 1136 3144 Scioppium,
1151 3059 1262 3144 praeli-

172 3162 303 3226 deotem
324 3161 595 3238 Grammaticnm,
616 3163 673 3246 qui
695 3159 841 3227 Gellium
862 3161 898 3225 in
919 3161 1082 3226 vilissima
1102 3163 1263 3226 maxime·

173 3281 239 3344 que
253 3261 390 3343 ignobili
401 3269 542 3344 reponat
555 3269 663 3340 estate,
683 3269 718 3328 et
731 3261 861 3327 ultimis
876 3261 1093 3345 scriptoribus
1107 3277 1264 3324 annume-

172 3369 231 3428 ret
274 3363 298 3428 J
301 3362 460 3441 odicium,
476 3371 634 3446 quantum
648 3365 835 3431 existimare
850 3381 1002 3446 possum,
1016 3361 1124 3426 omnis
1141 3357 1263 3441 Judicil

172 3473 207 3532 et
222 3463 409 3550 prudentie
425 3481 559 3546 expers.
602 3465 785 3550 Nunquam
796 3466 1029 3542 dubitaverim,
1041 3463 1120 3545 quin
1131 3459 1263 3526 Gellius

171 3568 277 3632 multo
300 3564 345 3631 ad
367 3584 518 3631 summos
531 3587 632 3651 quam
654 3569 697 3634 ad
712 3569 844 3634 intimos
860 3570 1039 3652 scriptores
1053 3561 1193 3645 propius
1206 3581 1263 3626 ac·

172 3669 287 3734 cedat:
308 3669 359 3733 ita
380 3667 535 3751 diligens,
554 3677 591 3736 et
608 3682 795 3745 accuratus,
809 3673 842 3732 et
860 3669 1007 3750 elegeos,
1027 3667 1062 3726 et
1082 3662 1208 3738 varius,
1229 3671 1264 3728 et

175 3789 326 3836 amoenus
342 3771 467 3853 ubique
485 3779 520 3835 et
541 3773 694 3838 curiosus
715 3769 797 3835 mibi
819 3769 954 3850 quidem
976 3763 1124 3828 videtur!
1166 3761 1263 3828 Gete-

176 3891 247 3937 rum
270 3873 352 3957 quid
373 3893 435 3956 ego
456 3872 500 3937 de
521 3874 614 3940 bisce
635 3875 838 3958 scriptorum
853 3866 893 3932 L.
908 3866 948 3930 L.
963 3863 1133 3944 aetatibus,
1149 3885 1263 3946 aurea,

176 3984 338 4055 argentee,
353 3993 459 4052 aenea,
475 3983 510 4040 et
523 3976 642 4053 serres,
663 3975 817 4048 sentiam,
833 3968 891 4051 qui
907 3965 1137 4034 auctoritatem
1153 3971 1262 4053 singu-

174 4076 280 4144 lorum
295 4093 360 4142 nou
374 4085 444 4142 tam
459 4081 557 4140 aetate
567 4093 667 4158 quam
681 4070 881 4158 eloquentie
896 4077 928 4136 et
939 4067 1093 4134 dictionis
1105 4077 1264 4156 praesten-
