3014 4724
236 247 280 313 dl
613 255 744 308 ruusx*
760 257 940 308 1111111.

267 408 291 457 8.
307 402 375 458 Quid
393 401 423 453 C.
440 399 575 452 Fabricius
593 399 627 449 de
645 401 766 451 Cornelio
783 399 875 451 Rufino
891 400 992 451 homine
1011 415 1090 453 avaro
1105 402 1218 467 dixerit3
1234 417 1320 471 quem,

235 497 293 537 cum
303 484 412 547 odisset,
426 483 594 547 inimicusque
605 489 685 544 esset,
700 481 884 546 designandum
896 489 981 532 tamen
992 483 1129 534 Consulem
1140 486 1250 538 curavit.

264 567 290 614 9.
306 562 376 616 Quid
387 561 516 627 siguilicet
527 561 810 626 proprie‘raligiosua,'
826 569 854 612 et
870 563 896 611 ln
915 577 974 627 quae
991 561 1144 613 diverticula
1164 564 1319 628 significatio

234 644 351 696 vocabuli
360 643 434 694 latius
445 641 566 708 dearsit,
581 650 609 694 et
620 643 700 694 verba
709 643 808 706 Nigidii
820 643 904 708 Figuli
915 657 949 694 ex
959 644 1146 694 commentariis
1165 647 1222 709 ejus
1241 659 1322 708 anper

235 739 266 776 ea
276 739 303 774 re
315 731 409 775 sumta.

264 810 305 856 1⁰·
327 802 396 857 Quid
418 803 580 854 obseruatum
601 802 634 853 de
656 801 746 853 ordine
769 801 938 866 rogandarum
959 803 987 852 lu
1007 803 1104 854 Senatu
1125 804 1319 866 sententiarum,

229 886 425 951 impiorumque
442 885 468 934 in
485 885 582 934 Senatu
599 883 882 934 (3.0111111111111
902 891 930 934 et
946 883 984 933 M.
996 873 1103 934 'Catonis
1123 883 1189 935 diem
1209 883 1320 934 diceudo

234 965 381 1016 eximentis.

266 1049 306 1096 ll.
323 1047 389 1098 Quas
399 1045 534 1111 qualiaque
544 1044 664 1110 sintque
677 1043 847 1093 Aristoxenus
858 1043 931 1108 quasi
942 1045 1022 1109 magia
1033 1053 1165 1109 comperta
1180 1045 1214 1094 de
1226 1045 1321 1109 Pythe-

235 1139 299 1190 gora
308 1126 437 1176 memoria
454 1125 601 1175 mandarit:
616 1131 645 1174 et
661 1139 718 1189 quae
735 1125 797 1174 item
819 1124 975 1174 Plutarchus
994 1125 1105 1176 enodem
1124 1127 1150 1175 in
1169 1124 1270 1176 modurn
1289 1125 1322 1174 de

236 1206 327 1256 eudem
337 1205 488 1270 Pythagora
498 1205 640 1268 scripserit.

269 1289 307 1335 11.
326 1285 403 1336 Nota
414 1293 442 1336 et
453 1285 686 1336 animadversiones
697 1285 823 1334 censoria
834 1283 861 1334 in
876 1283 1006 1334 veteribus
1022 1285 1195 1336 monumentis
1213 1293 1323 1350 reperta

236 1365 360 1416 memoria
369 1366 461 1431 digua.

270 1449 311 1496 11.
327 1445 402 1498 Quod
414 1445 572 1496 incentiones
582 1443 700 1509 quaedam
712 1444 830 1494 tibiaru-
841 1451 914 1494 certo
925 1443 1001 1494 modo
1012 1442 1088 1494 facte
1099 1443 1217 1494 ischiacis
1227 1443 1324 1494 mederi

237 1527 347 1590 possint.

271 1610 311 1656 11.
328 1607 457 1661 Narratur
466 1606 574 1656 historia
584 1605 618 1656 ds
637 1605 750 1656 Hostilio
766 1605 890 1655 Mancino
908 1604 976 1654 aedili
992 1611 1021 1655 et
1037 1603 1154 1654 Mamilia
1171 1603 1323 1654 meretrice:

235 1683 368 1751 verbaque
379 1685 478 1737 decreti
489 1686 657 1748 tribunorum,
673 1685 706 1736 ad
718 1699 780 1750 quoe
792 1700 808 1734 a
819 1685 934 1735 Mamilia
946 1693 1110 1750 provocatum
1122 1693 1172 1735 est.

270 1773 310 1818 11.
326 1767 443 1818 Defensa
453 1783 468 1817 a
479 1769 557 1832 culpa
566 1769 695 1818 sententia
706 1782 739 1816 ex
749 1767 857 1816 historia
866 1767 989 1830 Sallustii,
1005 1779 1080 1830 quam
1092 1765 1188 1816 inimici
1198 1766 1253 1830 ejus
1265 1779 1324 1814 cum

236 1847 407 1900 insectatione
418 1847 528 1912 maligne
540 1848 760 1912 reprehenderint

269 1933 309 1979 lo.
325 1928 668 1994 Derocsbuliaqniboadam
680 1929 859 1977 averruncet
873 1927 987 1990 Nigidio,
1004 1933 1095 1976 contra
1112 1924 1256 1991 quotidiani
1273 1939 1325 1975 ser·

235 2009 317 2060 monis
327 2009 538 2060 consuetudinem
550 2008 700 2059 declinatis:
717 2017 795 2074 atque
807 2007 869 2057 inihi
879 2007 904 2056 ld
917 2021 996 2072 genua
1005 2009 1123 2072 quasdam
1135 2021 1193 2059 cum
1201 2007 1324 2071 exemplis

233 2089 358 2142 Veterum
369 2090 459 2139 relate.

270 2175 309 2220 17.
327 2170 370 2220 De
382 2175 476 2219 natura
492 2167 650 2234 quarundam
669 2169 863 2233 particularum,
881 2183 937 2233 quiae
956 2168 1105 2233 preposite
1124 2169 1210 2219 vorbis
1228 2165 1326 2217 intendi

236 2258 315 2316 atque
327 2251 436 2314 produci
447 2250 555 2300 barbare
566 2257 594 2300 et
605 2250 699 2300 inscite
710 2249 840 2314 uidentur,
855 2249 979 2314 exemplis
998 2249 1187 2318 rationibusque
1205 2249 1328 2314 plusculis

236 2329 417 2394 disceptatum.

271 2413 310 2460 ts.
328 2410 371 2460 De
387 2409 419 2460 P.
438 2408 561 2460 Africano
581 2409 714 2474 superiore
735 2417 820 2460 anneta
838 2411 956 2476 qruedam
977 2427 1010 2461 ex
1029 2411 1162 2462 annalibus
1183 2417 1326 2461 memoratu

235 2489 393 2555 dignissima.

272 2574 312 2620 lu.
329 2570 398 2623 uctd
410 2571 447 2621 M.
460 2571 542 2622 Varro
553 2572 578 2621 iu
592 2572 751 2636 Logistorico
759 2571 891 2634 scripserit
900 2571 932 2620 de
941 2569 1097 2620 moderando
1108 2571 1178 2621 rictu
1187 2584 1324 2635 puerorum

236 2649 386 2714 inpubium.

272 2731 314 2779 2⁰.
333 2727 425 2778 Notati
437 2743 451 2776 a
462 2729 619 2794 censoribus,
634 2731 677 2796 qul
689 2729 850 2780 audientibus
862 2729 891 2778 iis
902 2728 1092 2793 dixerantjoca
1102 2729 1221 2795 quasdam
1236 2731 1329 2782 intem·

239 2807 392 2936 pestiuiterds
409 2821 439 2856 ec
449 2806 481 2856 de
492 2809 547 2872 ejus
557 2825 657 2877 qucquse
669 2821 730 2862 uota
741 2810 920 2874 deliberatum,
937 2811 980 2876 qui
991 2818 1099 2862 steterat
1115 2809 1183 2862 forte
1198 2811 1267 2878 apud
1284 2825 1326 2862 eoa

235 2888 367 2938 oscitahun
388 2901 426 2936 11.

572 2997 745 3047 Commentario
760 2999 841 3061 111111
850 2997 900 3046 lec
909 2998 997 3048 1111111.

272 3111 297 3156 1.
315 3105 390 3158 Quod
402 3109 535 3159 Musonius
547 3111 712 3177 philosophus
723 3111 890 3177 reprehendit
907 3110 1113 3176 inprobavitque
1130 3111 1230 3161 landari
1247 3109 1329 3176 philo·

238 3187 346 3253 sophum
358 3187 526 3238 disserentem
539 3205 554 3239 u
565 3191 768 3242 vociferantibus
779 3200 807 3242 et
819 3194 844 3241 iu
856 3191 983 3240 laudando
994 3191 1174 3256 gestientibus.

269 3273 296 3318 h.
313 3268 396 3332 Super
406 3283 472 3333 equo
484 3269 626 3320 Alexandri
638 3273 715 3335 regis,
731 3274 774 3338 qui
785 3265 978 3337 ‘Burecpbalas'
995 3273 1141 3336 appellatus
1152 3279 1201 3324 est.

269 3353 293 3400 1.
310 3349 373 3402 Qua
385 3363 470 3413 causa,
488 3350 607 3416 quodque
618 3353 718 3401 initium
730 3351 811 3403 fuisse
823 3353 925 3404 dicatur
942 3354 1092 3417 Protagora
1110 3354 1144 3403 ed
1161 3353 1327 3420 philosophie

233 3429 324 3482 literas
335 3429 454 3480 adeundi.

266 3515 290 3560 4.
306 3511 347 3561 De
367 3511 447 3562 verbo
457 3511 465 3540 ⁴
474 3511 692 3574 duoetvicesimo‚'
707 3511 775 3576 quod
794 3513 869 3577 vulgo
887 3512 1057 3577 incognitum,
1070 3525 1087 3562 a
1098 3512 1158 3562 uiris
1168 3511 1250 3562 doctis
1262 3511 1326 3560 usul-

235 3589 348 3641 tifariem
360 3591 386 3642 lu
398 3593 470 3642 libris
482 3591 608 3654 scriptum
620 3599 669 3640 est.

267 3677 292 3721 1.
309 3671 490 3735 Cujuscsmodi
498 3672 560 3736 joco
572 3671 706 3722 cavillatus
718 3672 752 3722 ait
764 3670 918 3722 Antiochum
930 3687 1017 3737 regem
1030 3673 1125 3722 Poenus
1137 3669 1276 3720 Hannibal.

268 3751 354 3801 1111
374 3753 476 3802 coronis
494 3751 656 3815 militaribus,
672 3766 730 3817 quae
750 3751 785 3801 sit
804 3765 892 3800 earum
912 3752 920 3779 ‘
930 3749 1107 3816 triumphalis,'
1127 3763 1184 3815 quse
1199 3749 1327 3801 ‘obsidio-

235 3829 319 3890 nalis,'
337 3847 394 3896 qnae
406 3833 415 3860 ‘
426 3830 527 3894 111111,’
546 3845 604 3896 ques
615 3833 624 3860 ⁴
634 3829 757 3893 muralis‚'
773 3845 831 3896 quat
851 3830 1029 3894 ‘castrensis,'
1044 3843 1104 3896 quas
1121 3827 1253 3894 ‘navalia,'
1269 3845 1328 3896 quae

234 3905 353 3970 ‘ovalie,'
370 3925 426 3974 quse
439 3911 605 3974 ‘oleaginea'

264 3989 289 4034 1.
305 3985 463 4039 ‘Persona'
482 3991 634 4040 uocabulum
655 4005 731 4057 quarn
751 3988 838 4056 lepide
856 3989 1041 4055 interpretatus
1061 3991 1106 4056 sit,
1127 4005 1256 4059 quamque
1274 4005 1329 4042 esse

231 4065 302 4119 vocis
314 4065 371 4130 ejus
381 4067 505 4130 originem
517 4069 613 4119 dixerit
624 4069 722 4122 Gabina
733 4072 836 4122 Bassus.
