3014 4724
622 167 830 221 rassauro.
1235 161 1277 224 ln

180 311 489 398 protolitmeliores
509 309 673 397 quasdam
697 311 876 392 lectionem
908 313 1002 380 dicas
1024 319 1222 403 nequivisse
1235 319 1277 384 il·

180 415 249 480 lum
264 416 390 480 censeri
405 422 516 480 umen
541 414 708 480 asseclam
732 415 885 478 voluisse
907 435 983 482 esse
1005 419 1183 488 calumniae
1209 421 1278 486 Fa·

182 517 345 582 brettinoe.
389 515 483 595 Quid
495 518 601 599 ergoi
622 517 702 582 Non
714 516 810 581 aliud
826 515 908 580 mihi
923 518 1090 601 imaginor,
1104 542 1206 605 quam
1221 545 1276 590 so·

182 615 348 684 lommodo
360 618 396 682 in
417 618 545 682 lectore
563 615 817 684 admirationem
831 619 1004 684 concitare
1018 621 1192 689 voluisse:
1215 647 1277 692 cur

183 721 272 784 enim
282 739 353 786 non
367 721 496 804 ubique
510 721 589 802 ipse
602 719 695 784 illum
705 719 858 784 codicem
874 728 912 785 et
922 721 1078 805 inspexit
1092 728 1126 786 et
1137 729 1278 793 utunioe

183 822 412 888 admirabilem
437 829 588 887 sectatus
606 821 697 886 initi
730 821 874 887 Prorsus
900 824 989 888 enim
1014 823 1072 888 ille
1094 825 1203 890 codex
1216 836 1279 907 est,

182 926 238 991 cni
251 924 348 989 nulla
362 930 479 1008 potest
495 924 622 990 moveri
635 923 678 988 lis
693 925 745 990 vel
762 925 937 1009 suspici03
961 925 1018 990 oui
1032 925 1127 992 nulla
1146 927 1281 994 alterius

183 1025 397 1110 exemplaris·
410 1023 501 1108 qnod
517 1025 647 1110 publice
662 1025 840 1091 etiamnum
866 1027 1026 1108 innotuit,
1040 1034 1195 1095 vetustas
1220 1049 1281 1113 po-

184 1130 256 1190 test
269 1125 491 1210 aequiparem
515 1127 612 1211 cnjus
627 1127 694 1192 ista
708 1128 793 1194 tides
808 1135 842 1194 et
856 1130 964 1196 tutela
984 1132 1019 1196 in
1040 1129 1173 1198 Graecis
1188 1132 1282 1198 Lati·

185 1227 316 1312 nisque,
330 1233 429 1310 prout
451 1228 495 1292 ab
517 1227 632 1294 Gellio
655 1236 828 1307 venerunt,
848 1233 1080 1298 custodiendis
1099 1239 1283 1302 veneratio·

184 1345 261 1394 nem
276 1336 416 1394 meretur
438 1329 647 1414 palmariam.
690 1331 761 1396 Sed
786 1340 820 1396 et
832 1330 897 1398 hoc
918 1335 1086 1418 patienter
1108 1336 1283 1404 ferendum

183 1429 219 1496 in
233 1431 308 1498 isto.

228 1533 283 1600 lle
297 1535 382 1602 meis
396 1553 464 1600 non
486 1534 646 1617 estquod
661 1533 785 1613 dicam,
800 1553 877 1602 conr
898 1538 973 1621 ipsa
988 1555 1026 1603 se
1041 1537 1111 1604 sint
1125 1539 1284 1607 oblatura

184 1638 349 1724 cujusque
378 1639 528 1704 arbitrio.
574 1637 617 1702 In
645 1637 771 1722 quibos
800 1639 1046 1705 animadvertes
1075 1641 1213 1708 codices
1238 1644 1282 1710 ab

185 1737 287 1804 Patre
301 1739 414 1806 editos
424 1739 628 1818 Vossianos,
637 1759 778 1824 qnorum
792 1741 877 1806 alter
889 1742 993 1804 etiam
1002 1743 1046 1806 ab
1057 1740 1187 1825 'l'hysio
1201 1743 1284 1809 olim

184 1841 362 1925 inspectos
374 1841 451 1920 fuit,
470 1849 508 1906 ut
528 1841 610 1906 nihil
634 1841 717 1906 boni
736 1841 813 1906 inde
836 1840 1009 1926 proferret,
1025 1859 1048 1904 a
1066 1859 1119 1902 me
1132 1843 1235 1906 ctiam
1246 1853 1287 1908 nt

184 1943 346 2026 oportuit,
375 1963 442 2008 non
470 1944 529 2022 ita,
552 1943 614 2008 sed
643 1943 885 2025 lugdunenses
918 1942 1095 2026 appellari,
1125 1944 1286 2027 quoniam

182 2044 279 2126 prius
303 2063 426 2108 nomeu
448 2063 490 2106 ea
512 2043 622 2106 tutela
642 2051 677 2108 et
691 2043 798 2124 gloria
821 2061 859 2106 se
873 2045 983 2118 exuit,
1003 2047 1037 2106 et
1050 2043 1239 2108 venditione
1252 2047 1287 2108 in

183 2144 411 2211 Academiam
433 2143 521 2207 hano
543 2143 767 2226 transcripsit.
810 2141 901 2220 Quae
923 2143 1182 2229 qualiacumque
1194 2144 1288 2212 ride·

183 2249 319 2324 buntur,
334 2245 553 2312 declarabunt
566 2244 686 2328 ntique
701 2241 908 2308 voluntatem
922 2263 1029 2310 meam
1043 2265 1121 2328 arga
1134 2245 1287 2314 Gellium

187 2357 223 2414 et
236 2349 437 2414 industriam
453 2347 555 2412 variis
577 2347 672 2412 annis
695 2345 746 2410 illi
760 2343 958 2429 impensam,
972 2347 1070 2430 cujus
1092 2367 1178 2413 nunc
1204 2349 1287 2414 didi·

187 2451 313 2518 cillima
326 2451 481 2535 quadarn
496 2451 572 2515 loca
587 2455 621 2514 et
636 2448 680 2513 ab
696 2447 774 2512 aliis
790 2447 981 2530 desperata,
1009 2448 1096 2512 ande
1110 2454 1222 2513 tamon
1235 2451 1288 2514 vel

188 2556 334 2620 maxime
347 2551 673 2630 incommodabatur,
690 2570 756 2615 non
771 2549 997 2615 deterruerunt
1011 2569 1076 2628 me,
1093 2552 1173 2634 quin
1188 2569 1289 2615 cona-

188 2675 239 2722 rer
252 2663 351 2739 prout
368 2657 444 2740 ipse
466 2655 649 2738 speculari,
672 2654 723 2718 sie
742 2652 805 2718 tibi
827 2651 1098 2738 conspiciendam
1122 2653 1204 2717 dare
1219 2673 1289 2718 rne-

190 2775 270 2822 num
284 2754 398 2820 Gellii.
442 2755 584 2820 Falleris
606 2757 694 2820 enim
719 2753 942 2831 vehementer,
956 2755 1022 2819 nisi
1044 2755 1094 2820 ita
1110 2761 1241 2822 statues
1256 2761 1289 2820 et

191 2857 338 2922 animum
351 2857 494 2922 inducas
507 2857 591 2922 nihil
604 2875 706 2940 posse
730 2873 806 2920 enm
831 2855 895 2920 tibi
918 2856 1091 2939 prodesse,
1106 2857 1209 2923 immo
1232 2857 1288 2924 vel

190 2959 338 3025 maxime
352 2960 486 3037 obesse,
510 2959 541 3023 si
563 2958 706 3024 aliorum
730 2959 932 3024 infestiviter
952 2958 1158 3024 illudentium
1172 2961 1288 3045 spuria

190 3068 223 3126 et
237 3081 361 3143 spurca
374 3081 436 3145 pro
450 3061 593 3126 hominis
609 3061 772 3140 Romani,
789 3062 847 3145 qui
864 3066 897 3127 et
918 3059 1044 3126 Graeca
1061 3060 1237 3140 didicerat,
1252 3069 1288 3126 et

190 3161 227 3226 in
241 3163 366 3226 Latina
378 3163 587 3245 penitissime
611 3163 807 3239 intraverat,
821 3159 975 3244 expolito
995 3181 1144 3228 sermone
1167 3169 1202 3224 te
1227 3162 1288 3223 im·

191 3263 319 3348 pleant.
364 3263 434 3328 Res
460 3264 536 3346 ipsa
561 3265 755 3329 monstrabit
784 3263 819 3329 id
851 3261 994 3328 abunde.
1040 3263 1126 3328 Mihi
1156 3259 1288 3324 interim

190 3371 331 3450 propter
342 3365 405 3430 llos
417 3365 515 3448 ipsos
528 3365 663 3430 labores
677 3365 820 3431 blandiri
834 3373 870 3432 et
884 3366 974 3450 coepi
989 3372 1025 3429 at
1038 3381 1144 3429 ausus
1165 3359 1226 3439 iui,
1243 3363 1288 3426 si·

191 3468 258 3534 mul
274 3489 336 3558 per
349 3487 408 3534 eos
424 3467 548 3533 rescivi
561 3466 643 3546 fore,
660 3472 698 3534 ut
710 3468 762 3534 sio
776 3487 841 3532 non
856 3469 1004 3552 amplius
1025 3461 1288 3548 opprimerentur

192 3589 242 3650 ea,
257 3591 335 3656 qnae
349 3571 451 3636 etiam
475 3567 577 3654 Casp.
594 3569 780 3654 Scioppius
793 3587 862 3632 non
875 3568 1119 3632 detrectaverat
1132 3561 1220 3628 olam
1236 3582 1289 3625 se·

193 3671 270 3738 dolo
285 3679 442 3740 annotare
457 3671 500 3737 ad
522 3673 787 3738 emendationem
809 3674 843 3732 et
868 3666 1115 3749 intelligentiam
1131 3665 1289 3740 auctoris,

195 3793 293 3856 quem
307 3776 418 3859 palam
433 3775 483 3840 ita
496 3775 555 3840 vili
579 3775 725 3860 pendere
748 3767 958 3845 sollustrat,
974 3773 1014 3830 nt
1028 3765 1131 3828 etiam
1146 3782 1289 3830 vocave-

195 3875 239 3938 rit
261 3877 525 3960 putidiuscnlnm
545 3879 676 3944 scilicet
697 3871 953 3942 homuncionem
976 3873 1011 3931 at
1025 3883 1118 3949 sapa
1133 3867 1290 3950 sobinep·
1317 3916 1327 3928 .

194 3981 278 4056 tum,
288 3977 448 4062 quioquid
463 3977 599 4044 criticis
613 3979 690 4044 latis
707 3975 882 4054 videatur3
915 3975 951 4036 et
973 3985 1050 4034 oum
1072 3979 1194 4038 nactus
1208 3968 1291 4034 inis·
