3014 4724
479 691 770 760 CHRISTIANI
803 689 1037 758 FALS'I'ERI

374 911 644 988 LIBELLUS
695 910 1153 990 COMMENTARIUS

249 1143 376 1248 ua
447 1101 683 1249 vrri
757 1145 872 1248 ΕΤ
944 1146 1276 1254 naeus

505 1423 685 1514 nunr
736 1359 1049 1515 Gnnnrrs

614 1693 909 1706 w

216 1892 315 1984 Cun
338 1917 529 1983 minuscula
545 1917 707 1982 artificum
722 1938 826 2001 opera
841 1916 1094 1982 admirationem
1108 1920 1307 2000 singularem
1322 1941 1327 1952 ¹

213 2021 336 2086 babere
356 2021 477 2097 solent,
489 2039 568 2096 non,
585 2025 624 2082 nt
638 2039 747 2101 spero,
769 2019 888 2082 Manes
909 2019 1088 2084 clarissimi
1104 2018 1194 2084 Petri
1209 2019 1308 2084 Iram·

214 2123 305 2185 berrii
334 2119 478 2194 offendo,
512 2121 541 2182 si
569 2119 800 2184 brevissimam
822 2118 921 2200 hujus
946 2119 988 2182 de
1011 2121 1083 2186 vita
1104 2119 1186 2184 Auli
1206 2120 1309 2186 Gellii

217 2221 502 2286 Dissertatioucm
510 2217 745 2282 minutissimis
754 2217 985 2300 Myrmecides,
993 2217 1308 2299 Coniuratisffnso·

217 2321 305 2398 dori,
319 2319 527 2404 aliorumque
542 2317 631 2402 apud
644 2317 788 2383 Plinium
802 2317 914 2404 (Hist.
929 2319 1011 2386 Nat.
1025 2321 1047 2388 l.
1061 2337 1204 2392 xxxiv.
1217 2345 1247 2390 c.
1259 2323 1309 2408 8.)

215 2423 388 2506 opusculis
403 2439 653 2506 comparavero.
697 2419 799 2499 Quod
819 2420 849 2485 si
868 2421 944 2504 quis
959 2441 1039 2488 vero
1054 2443 1148 2488 suam
1163 2425 1215 2490 bis
1230 2427 1308 2490 arti-

215 2525 303 2592 ficiis
322 2525 511 2590 exilitatem
533 2523 619 2588 vitio
638 2524 754 2607 potius
775 2523 909 2588 verterit
928 2543 1029 2606 quarn
1049 2523 1143 2588 laudi
1164 2524 1308 2603 duxerit,

215 2627 313 2692 sicuti
328 2627 476 2692 Galenus
490 2627 524 2690 in
535 2625 745 2708 Protreptioo
758 2625 802 2689 ad
818 2623 918 2690 Artes
932 2623 1114 2708 Μυρμηκίδου
1129 2625 1177 2688 καὶ
1195 2634 1309 2692 Καλλι-

217 2726 335 2812 κράτους
348 2725 569 2813 ματαιατηςνίαν
584 2727 788 2812 perstringit,
804 2735 906 2810 etque
923 2727 1077 2792 AEliunus
1099 2725 1209 2812 (Hist.
1222 2727 1307 2798 Ver.

218 2825 240 2890 l.
257 2842 281 2890 r.
296 2848 325 2891 c.
340 2826 411 2912 17.)
430 2847 532 2911 opera
550 2847 662 2894 eorum
683 2827 786 2912 χρόνου
802 2827 1002 2916 παρανάλωμα
1022 2835 1142 2894 vocat:
1167 2851 1229 2914 ego
1253 2852 1306 2898 me

212 2927 286 3012 jam
301 2945 432 3006 revoco,
458 2927 638 2994 lambecio
651 2929 722 3013 jam
746 2930 974 2994 adolescentie
988 2939 1022 2995 et
1043 2933 1206 3014 augustius
1222 2942 1306 2998 tenr-

215 3031 319 3116 poris,
329 3049 471 3116 quarum
485 3035 654 3114 praetextu
668 3031 809 3113 ipsemet
823 3031 858 3094 in
873 3031 1029 3112 Epistola
1046 3033 1088 3096 ad
1103 3035 1305 3100 avunculum

216 3131 343 3196 Imoem
359 3131 573 3196 Holstenium
594 3132 709 3209 utitur,
729 3133 863 3195 reniam
877 3134 976 3198 facile
990 3134 1220 3218 impetrabunt,
1237 3143 1305 3198 tes·

219 3233 391 3296 timonium
412 3233 504 3296 aetati
524 3231 666 3295 hominis
688 3251 754 3296 una
776 3233 962 3315 perhibente
982 3233 1104 3299 illustri
1128 3235 1258 3300 Huetio
1269 3235 1305 3300 in

217 3331 466 3400 Commentario
480 3332 521 3397 de
531 3331 649 3398 Rebus
661 3333 704 3398 ad
720 3353 757 3398 se
772 3331 1023 3400 Pertinentibus
1036 3336 1095 3400 lib.
1114 3351 1138 3398 r.
1149 3355 1184 3416 p.
1195 3353 1240 3396 m.
1251 3333 1305 3400 28.

216 3435 321 3502 ‘Non
350 3433 457 3498 multu
485 3439 563 3498 ante
594 3441 725 3500 venerat
749 3435 917 3502 Lutetiam
953 3437 1074 3501 Petrus
1103 3433 1305 3504 lambecius

215 3535 493 3618 Hamburgensis,
509 3534 613 3602 Lucae
638 3534 807 3602 Holstenii
823 3557 933 3604 sorore
948 3535 1224 3602 natus-Statim
1245 3557 1306 3602 au·

216 3648 279 3706 tem
295 3647 400 3722 atque
414 3635 582 3702 Lutetiam
604 3638 726 3721 attigit,
750 3637 1017 3704 lucubrationes
1043 3633 1185 3700 criticas
1201 3635 1306 3706 edidit

215 3741 374 3828 (Parisiis
390 3737 671 3826 unoxnv1r.)ad
685 3739 921 3806 illustrandum
936 3737 1059 3801 Aulum
1081 3735 1237 3818 Gellium,
1251 3759 1306 3808 se·

218 3845 337 3927 quoad
354 3841 544 3910 Naudaeum
560 3843 758 3928 applicavit.
803 3839 859 3906 Ad
884 3857 983 3920 quern
1004 3855 1080 3932 cunr
1094 3855 1186 3922 saepa
1201 3845 1305 3910 venti.

219 3955 364 4012 teramus
390 3951 541 4027 uterque,
566 3945 637 4008 illio
661 3944 806 4026 primum
832 3939 952 4004 notitia
975 3937 1056 4004 mibi
1075 3959 1150 4006 cum
1168 3963 1209 4008 eo
1227 3945 1304 4020 snit,

215 4069 316 4136 quam
343 4047 471 4114 stabilis
501 4043 618 4108 deiude
639 4049 824 4108 consecuta
847 4047 900 4107 est
921 4041 1081 4124 amicitia,
1106 4045 1305 4112 conciliante
1371 4119 1382 4145 ι
