3014 4724
618 245 826 298 sensnum.
1224 239 1266 306 lo

172 397 273 472 unici,
289 397 570 478 quantanotarum
580 393 677 458 turbe
689 396 822 457 exemia
833 393 952 460 luisset
962 395 1103 480 Thysio,
1115 395 1151 462 in
1164 395 1266 480 cnjus

173 496 264 558 notis
277 495 342 560 sere
361 502 534 578 utramque
556 493 714 576 pagiuam
731 491 864 556 iaciunt
887 491 1078 562 differentiae
1103 496 1265 562 editionis

174 593 270 680 hujus
285 598 335 662 vel
350 596 443 661 illins
457 595 501 659 ab
510 593 738 676 Stephaniana
749 591 988 657 antPatema'l
1010 615 1087 678 qnae
1100 606 1179 664 sunt
1192 617 1264 663 om·

43 735 51 746 -
173 698 227 762 nia
242 697 364 762 nullius
379 695 550 762 momenti.
593 691 751 769 Accedit,
766 698 881 757 utnon
896 711 1071 777 assequor,
1080 699 1182 762 curin
1195 701 1264 766 ista

172 797 384 864 Bibliotheca
398 799 521 864 Latirm
535 797 711 874 scribatur,
734 800 744 829 ‘
761 795 897 862 Primus
918 797 1068 862 Gellium
1088 799 1190 864 edidit
1204 800 1264 866 Al-

171 899 233 964 dus
248 899 422 966 Manutius
440 898 599 964 Venetiis
622 900 717 966 1477.
762 899 846 964 Inde
863 899 989 984 saepius
1003 901 1040 966 in
1055 899 1168 979 Italia,
1183 901 1264 967 Gel-

168 1001 236 1080 liis,
258 999 443 1066 Germania
465 1000 617 1082 vulgatus
632 998 705 1065 est'
749 999 849 1066 Unde
866 1003 953 1066 enim
969 1003 1082 1085 potuit
1096 1002 1132 1068 id
1145 1002 1265 1068 hebere

168 1102 213 1179 is,
226 1103 287 1184 qui
302 1101 398 1166 Petri
413 1100 585 1166 lambecii
606 1101 821 1185 prodromum
843 1101 1110 1168 lucubrationum
1131 1103 1166 1168 in
1187 1101 1265 1168 Gel-

168 1203 220 1268 lio
234 1221 312 1286 pag.
326 1202 483 1286 selegit,
500 1203 558 1268 nbi
573 1203 655 1270 citat
669 1201 829 1268 Aldinam
840 1204 1033 1283 editionem,
1048 1224 1125 1290 quse
1141 1205 1264 1272 Romae

169 1304 295 1388 prodiit
329 1323 414 1370 anuo
443 1319 713 1372 erocoocnxrx.
737 1311 771 1370 et
798 1305 1037 1372 Jensonianem
1065 1309 1265 1392 impressam

168 1403 320 1470 Venetiis
342 1407 649 1475 croococnxx11.t
680 1425 724 1472 ex
739 1425 807 1490 qua
821 1407 1024 1490 negligentia
1032 1408 1186 1492 judicavi
1200 1409 1265 1474 im·

166 1508 315 1591 positum
328 1515 364 1574 et
377 1508 562 1593 injunctum
588 1506 669 1572 mihi
689 1527 775 1586 esse,
787 1515 826 1574 ut
849 1529 924 1592 quse
940 1508 981 1574 de
996 1507 1111 1576 Gellio
1126 1510 1264 1594 collegi,

166 1607 283 1677 ordine
296 1617 376 1695 post
395 1629 438 1676 ea
456 1628 534 1694 qnae
557 1598 718 1700 praenr'itti
733 1611 889 1689 assolent,
903 1632 1088 1697 exponam.
1133 1613 1263 1680 Nescio

166 1721 280 1778 autem
303 1732 347 1778 eu
369 1731 435 1778 non
458 1712 503 1778 sit
527 1711 690 1796 deceptus
712 1729 773 1798 per
795 1710 999 1796 Thysianam
1028 1715 1267 1794 emditionern,

166 1833 267 1897 quam
286 1823 461 1899 tantopere
484 1815 612 1893 laudat,
635 1833 802 1899 quamque
823 1813 973 1897 Thysius
998 1816 1121 1898 profert
1134 1815 1193 1881 lib.
1205 1831 1262 1880 rx.

164 1934 242 1999 cap.
257 1917 310 1982 11.
322 1917 484 2002 pnpilli.
507 1917 583 1982 ‘Ita
596 1917 674 1984 Vet.
691 1917 756 1982 Ed.
768 1915 941 1982 Venami
954 1929 1268 1980 croccoonxxvu..

163 2037 242 2101 qoae
256 2019 333 2084 vice
349 2019 417 2084 Ms.
433 2037 511 2083 esso
525 2019 662 2102 potest!
706 2018 777 2083 Sed
797 2019 905 2082 bonus
920 2017 976 2082 ille
991 2016 1042 2080 vir
1054 2035 1095 2080 ne
1111 2015 1174 2080 boo
1189 2015 1264 2098 qni·

162 2121 241 2185 dem
256 2121 340 2186 dicit
353 2139 398 2184 ex
415 2139 465 2195 se,
478 2137 594 2182 verum
607 2119 676 2182 ista
689 2117 834 2182 editione
848 2125 947 2180 utens
962 2134 1007 2180 ex
1021 2115 1158 2200 publica
1173 2116 1264 2182 Aca·

161 2221 291 2286 demine
309 2219 412 2304 hujus
434 2216 659 2294 Bibliotheca,
682 2234 782 2299 quam
804 2215 856 2279 illi
871 2215 1057 2281 donaverat
1070 2217 1270 2297 Pntscbins,

159 2321 251 2388 vidit
266 2321 371 2386 verbs
386 2319 563 2386 Pntschii
553 2337 588 2382 ru
602 2318 736 2402 paginis
761 2317 877 2401 primis
904 2319 1073 2402 exposita,
1089 2327 1124 2386 ot
1144 2322 1262 2387 statim

162 2421 315 2490 credidit.
359 2419 624 2504 Chirograpbum
646 2419 800 2484 Pntschii
827 2418 919 2502 quod
943 2418 1146 2504 hodieque
1136 2422 1267 2505 inspici

163 2527 209 2591 sb
234 2541 436 2610 unoquoque
462 2528 589 2605 potest,
611 2520 679 2586 boo
701 2527 765 2584 est
810 2517 931 2586 ‘Usui
951 2522 1135 2586 crescentis
1158 2523 1271 2588 indies,

163 2627 385 2694 Bibliothecae
400 2622 643 2690 illustrissimae
665 2629 769 2706 atque
782 2639 843 2705 per
855 2639 972 2686 ornnes
987 2640 1063 2686 oras
1077 2621 1263 2688 famosissi-

164 2749 229 2794 moe
252 2727 448 2793 Academiae
475 2725 583 2810 Lugd.
603 2724 745 2790 Batavae
769 2723 810 2788 L.
829 2721 877 2788 Μ.
901 2721 946 2802 Q.
972 2722 1106 2807 reliquit
1134 2723 1266 2792 Helias

163 2829 348 2894 Pntschins
362 2829 634 2894 Germanicemm
658 2845 765 2892 rerum
789 2825 980 2909 Scriptores
993 2843 1016 2890 a
1031 2823 1176 2891 Frehero
1189 2826 1260 2894 edi·

164 2938 232 3008 tos,
243 2927 288 2996 A.
300 2927 404 2995 Gellii
414 2927 541 2994 Noctes
556 2927 690 2994 Atticas
703 2929 889 3010 impressas
905 2946 935 2992 a.
948 2943 1264 2997 crooooccxxrn..

164 3031 256 3098 Flori
272 3031 398 3098 Rerum
421 3051 442 3098 a
468 3031 633 3098 Romanis
653 3038 821 3114 gestarum
835 3029 893 3095 lib.
911 3046 961 3094 iv,
984 3028 1173 3116 Principem
1186 3033 1263 3100 edi·

166 3134 302 3200 tionem.
347 3133 437 3199 Haec
452 3133 519 3199 Ms.
534 3133 643 3200 ricem
658 3137 820 3216 pressiore
835 3128 999 3213 possunt?

209 3233 309 3300 Certe
330 3253 402 3317 proe
425 3235 584 3298 universa
606 3234 667 3298 illa
692 3231 888 3298 recensione
914 3249 1024 3296 rorum
1046 3230 1090 3296 ad
1111 3229 1259 3296 Gellium

164 3335 390 3424 spectantium
403 3333 593 3398 maluissem
608 3351 653 3398 ex
671 3333 744 3398 viro
757 3331 888 3397 loboris
903 3330 1021 3396 sedulo
1035 3328 1258 3409 intellexisse,

163 3437 246 3524 quid
261 3455 338 3520 pag.
360 3434 416 3500 58.
438 3452 555 3499 sensus
578 3435 697 3498 esset
687 3453 721 3498 nn
743 3433 794 3498 his
817 3431 943 3497 Marini
957 3433 1086 3498 verbis:
1122 3423 1258 3510 'Hylaei

163 3539 218 3613 οίος
233 3538 377 3624 δείγματα
391 3534 479 3624 piper
492 3535 541 3599 sal
556 3538 587 3600 ia
601 3533 747 3622 polpecho
760 3536 866 3620 ὶοαργῆ
889 3539 989 3598 πασῶν
1009 3533 1180 3618 προγονικῶν
1193 3529 1258 3613 irpe-

163 3647 227 3724 τοῖν,
243 3639 341 3704 ael
307 3665 356 3716 της
370 3637 551 3716 ἀπολωλότος
560 3663 672 3726 χροσης
688 3635 769 3711 erres
783 3659 832 3699 τοο
817 3633 942 3720 plener
957 3634 1066 3717 οιιςοῖς.
1099 3629 1258 3710 Intelligo

165 3745 269 3827 copis,
285 3743 425 3809 sednon
447 3743 597 3828 intelligo
619 3741 721 3808 simul
745 3737 871 3812 omnia,
893 3754 956 3800 nec
979 3731 1258 3796 constructionem

164 3845 380 3927 posteriorum
408 3865 540 3924 vocum,
565 3844 689 3909 nedum
715 3845 753 3904 ut
774 3836 854 3902 inde
881 3831 1038 3912 exsculpi
1059 3830 1168 3914 possit
1192 3829 1258 3896 ista

164 3943 300 4008 versio‘
316 3967 396 4012 sane
416 3967 502 4012 unns
516 3967 560 4011 ex
576 3963 692 4029 genere
707 3957 818 4006 anreee
833 3935 926 4000 illius
941 3935 1084 4009 catenae,
1099 3949 1175 4014 quse
1184 3929 1257 4014 jam

163 4044 292 4130 pridem
306 4047 410 4112 oeulis
421 4047 588 4112 hominum
604 4065 645 4129 se
658 4035 843 4114 subduxit,'
867 4053 925 4118 per
945 4047 1047 4116 quam
1061 4051 1130 4100 vox
1144 4036 1259 4102 ἂοοιο,
1307 4065 1310 4072 ·
