3014 4724
419 139 468 234 uu
489 177 583 230 vrrs
609 179 656 228 nr
680 179 800 230 nunus
823 181 860 230 ι.
878 181 1023 233 onncrr.
1229 169 1276 238 35·

178 323 254 392 colo
269 321 446 402 Senecam,
461 321 605 388 admiror
619 319 794 386 Senecam.
835 321 889 386 Tu
910 343 999 405 vero,
1019 325 1138 396 habita
1158 325 1271 392 decori

176 431 214 490 et
228 425 396 508 equitatis
411 426 551 503 ratione,
566 429 746 502 momento,
761 422 909 488 Gellium
929 425 995 490 loc.
1009 428 1062 492 cit
1075 429 1188 512 magis
1203 432 1272 494 tra·

180 526 265 604 dero,
280 526 358 608 quid
371 527 412 590 de
427 527 559 591 Seneca
571 526 631 592 alii
645 525 815 603 senserint,
831 543 933 609 quam
952 528 1044 611 quod
1065 531 1149 612 ipsc.
1193 527 1270 594 Me·
1397 535 1406 547 ‘

178 631 291 692 mento
310 627 461 710 insuper,
474 628 551 710 plus
565 627 701 691 omnino
715 625 932 692 tribuendum
946 645 1022 690 osse
1035 627 1207 708 Veterum,
1224 631 1268 696 de

178 723 356 794 Veteribus
385 729 650 793 existimantium
671 726 824 812 judiciis,
845 725 954 813 (conf.
981 725 1124 806 Quintil.
1153 747 1194 796 x.
1223 733 1270 812 1.)

177 845 277 913 quarn
293 829 536 908 recentiorum
566 847 755 911 quanquam
771 835 807 894 et
827 829 944 894 horum
958 849 1026 894 non
1040 831 1143 913 pauci
1158 831 1269 898 Gellio

175 927 411 1010 suffragantur,
438 927 615 1010 minusque
637 927 815 992 honorilice
837 927 880 994 de
903 929 1096 1013 eloquentia
1126 930 1269 997 Senecae

171 1029 340 1113 judicant,
365 1027 527 1093 Erasmus
549 1027 796 1092 Roterodanrus
815 1028 956 1093 Praefat.
970 1030 1014 1094 ad
1030 1029 1147 1096 Sanco.
1165 1029 1270 1096 Gata-
1391 1093 1398 1102 ,

176 1129 283 1194 karus
295 1129 331 1192 in
345 1128 535 1212 Praeloquio
549 1128 592 1194 ad
620 1129 675 1193 M..
683 1127 902 1207 Antoninum,
919 1130 1095 1196 Gesucrus
1108 1132 1132 1196 l.
1148 1147 1216 1210 ιιι.
1230 1131 1273 1198 de

180 1226 277 1294 Orat.
290 1249 321 1294 c.
334 1231 364 1294 5.
397 1229 588 1295 Borrichius
613 1229 761 1311 Cogitat.
785 1251 818 1313 p.
843 1234 877 1296 9.
914 1231 1091 1298 Boeclerus
1106 1232 1270 1318 Bibliogr.

180 1327 264 1396 erit.
284 1349 359 1415 cap
371 1332 428 1397 43.
444 1331 507 1416 §S
532 1353 566 1415 p.
581 1351 626 1395 m.
640 1330 716 1395 613.
759 1329 920 1397 Sanctius
936 1333 970 1396 in
996 1332 1140 1398 Miuerr.
1159 1333 1183 1398 l.
1211 1351 1269 1398 ιιι.

178 1451 209 1496 c.
225 1446 306 1495 ιιιν.
328 1453 362 1517 p.
376 1431 452 1498 513.
491 1432 679 1498 Morboiins
703 1431 868 1515 Polybist.
884 1441 910 1498 t.
927 1451 953 1500 1.
972 1435 996 1498 l.
1011 1451 1037 1498 1.
1059 1453 1134 1519 cap.
1153 1436 1208 1501 23.
1233 1457 1271 1520 p.

175 1529 250 1598 276.
263 1538 299 1598 et
310 1534 333 1598 1.
349 1551 400 1598 ιν.
412 1553 443 1598 ο.
458 1533 513 1598 12.
528 1532 649 1616 11880.
664 1534 912 1616 quamplurimi
927 1534 1005 1601 alii:
1026 1535 1095 1599 imo
1110 1537 1185 1618 quis
1200 1535 1270 1602 Ve-

177 1638 280 1700 tarum
306 1633 436 1700 Nostro
457 1634 665 1718 refragabat
709 1634 918 1718 Sapientiam
940 1637 1078 1702 Senecae
1103 1637 1270 1704 extollunt

178 1753 304 1813 omnes,
318 1736 484 1800 extollunt
504 1735 682 1818 ingenium,
704 1737 871 1801 extollunt
892 1737 1052 1801 uirtutes:
1076 1755 1175 1802 nemo
1190 1757 1271 1804 vcro

178 1835 413 1919 eloquentiam,
427 1856 528 1901 nemo
539 1839 672 1903 dicendi
694 1857 811 1920 genus,
827 1835 921 1922 quod
936 1834 1069 1902 Gellius
1081 1842 1195 1900 noster
1207 1857 1271 1918 pm

177 1937 342 2004 tissimum
355 1937 545 2012 insectatur.

591 2091 630 2144 ll.
676 2097 725 2144 AB
749 2097 871 2147 [turni.

217 2235 278 2302 Ad
293 2235 514 2301 Honestatem
527 2236 658 2303 accedit
672 2236 775 2302 Gellii
788 2237 894 2304 nostri
908 2235 1058 2317 Utilitas,
1071 2257 1172 2324 quarn
1183 2191 1272 2306 mul-

174 2340 219 2404 tis
234 2337 409 2404 doctorum
424 2338 635 2416 testimoniis,
650 2338 834 2418 Lambccii,
848 2337 1029 2418 Boniiecii,
1043 2339 1169 2418 Vallo,
1185 2340 1269 2406 Bar-

175 2441 248 2522 tbii,
261 2443 321 2506 &c
336 2439 495 2524 prosequi
510 2439 598 2502 haud
619 2459 709 2524 opus
730 2445 794 2506 est.
839 2439 934 2506 Satis
955 2439 1101 2504 illustria
1119 2447 1196 2504 snut
1209 2441 1269 2506 bo·

174 2543 272 2608 minis
300 2541 428 2607 merita
473 2539 567 2606 Huic
604 2559 748 2626 namque
786 2541 946 2606 debemm
984 2547 1036 2606 tot
1071 2540 1271 2622 Fragmenta

173 2649 317 2710 ueterum
339 2648 408 2708 tam
434 2641 632 2709 Graecorum
655 2663 757 2727 quam
780 2641 1021 2720 Romanorum,
1048 2661 1127 2725 quae
1150 2643 1270 2710 frustra

176 2745 259 2810 alibi
284 2749 483 2825 quaerantur,
502 2750 540 2808 ut
560 2747 670 2808 ‘unos
695 2744 801 2828 instar
825 2743 971 2826 plurium
999 2742 1116 2807 haberi
1141 2741 1271 2826 possit:

178 2843 269 2928 quod
284 2846 332 2909 ait
355 2839 528 2908 Va'vassor
542 2843 583 2908 do
598 2843 746 2910 Ludicra
761 2845 921 2910 Dictione
934 2863 971 2927 p.
984 2843 1060 2910 268.
1104 2843 1196 2908 Huic
1212 2844 1270 2910 dc-

177 2948 296 3012 bemus
322 2946 500 3030 plerasque
521 2947 699 3030 utriusque
729 2947 836 3027 gentis
864 2943 1095 3029 Antiquitates
1124 2947 1270 3012 maxime

175 3047 356 3126 litemrias3
378 3045 465 3111 uude
487 3047 647 3129 gaudium
670 3046 754 3111 illud
782 3053 816 3111 et
839 3047 930 3111 uelut
950 3053 1046 3128 grata
1070 3065 1140 3112 vox
1164 3046 1272 3112 Lucas

178 3145 322 3212 Fruterii
345 3146 529 3212 Verisimil.
550 3148 573 3211 l.
597 3161 655 3212 ιιι.
670 3167 747 3232 cap.
772 3149 826 3212 11.
850 3167 886 3230 p.
907 3165 953 3212 ru.
967 3146 1044 3213 869.
1085 3147 1199 3225 ‘Quae
1225 3144 1272 3207 de

177 3247 379 3314 caerimoniis
394 3247 580 3312 Flamiuum
595 3257 629 3314 et
646 3249 907 3316 Flaminicarum
927 3249 1063 3333 scripsit
1074 3245 1218 3320 Gellius,
1230 3259 1274 3306 ea

176 3369 261 3417 sanc
275 3349 399 3414 frustra
413 3349 458 3414 ab
480 3348 685 3416 Auctoribus
705 3351 781 3416 aliis
806 3355 1005 3435 peteremus,
1030 3347 1097 3412 uisi
1122 3344 1189 3422 ille,
1209 3343 1270 3426 qui

176 3452 364 3537 dispersam
376 3450 610 3534 antiquitatem
634 3454 704 3518 suis
719 3451 887 3520 Noctibus
902 3447 1099 3516 clarissimis
1114 3441 1271 3522 involvit»

176 3553 279 3620 ctiam
293 3552 367 3618 haec
381 3552 623 3618 obscurissima
636 3555 825 3638 posteritati
837 3545 1080 3618 condonasset!
1108 3543 1202 3610 Huic
1213 3545 1272 3609 dc·

176 3655 297 3720 bemus
311 3655 457 3737 insignes
468 3661 618 3722 veterum
632 3661 918 3720 monumentorum
927 3645 1183 3715 Emendatioucs
1198 3642 1270 3710 Cri·

178 3755 277 3834 ticos,
291 3775 429 3839 quorum
441 3758 535 3836 uitia,
557 3759 587 3822 si
604 3765 664 3824 aut
677 3757 831 3841 periisset
844 3751 989 3826 Gellius,
1003 3753 1061 3814 aut
1074 3765 1115 3810 ca
1128 3763 1197 3810 non
1210 3747 1271 3812 ob·

178 3863 351 3934 murat,
365 3858 545 3928 etiamnum
557 3859 745 3926 codicibus
758 3851 884 3920 nostris
899 3847 1094 3923 insiderant,
1111 3865 1188 3932 quae
1200 3847 1269 3914 fore

176 3957 280 4024 rerba
305 3965 379 4024 sunt
401 3959 459 4024 Jo.
475 3959 599 4024 clerici
614 3959 691 4024 Art.
716 3956 798 4022 erit
816 3953 857 4018 P.
875 3964 932 4014 ιιι.
953 3965 1019 4016 sr.
1045 3967 1076 4016 c.
1089 3950 1142 4018 ll.
1167 3971 1201 4035 p.
1222 3967 1271 4016 m.
