3014 4724
660 265 865 320 ranarum,
1269 252 1291 316 3

191 427 262 474 rum
275 407 438 474 uarietate
452 413 486 473 ct
501 407 581 493 styli
598 407 804 491 proprietate
822 427 862 471 ac
880 407 1109 489 plenissimum
1124 408 1194 474 illis
1210 427 1290 474 eon·

193 510 306 576 ciliare
320 509 432 575 decus.
476 506 544 574 Sed
559 509 658 592 quasi
673 507 776 574 tactio
798 509 873 592 ejas
890 507 975 575 foret
988 511 1066 594 equi
1080 511 1195 596 Sejani
1212 529 1290 594 pos·

197 612 313 691 sessio,
336 613 498 677 universa
520 611 768 677 interciderunt.
815 609 964 674 Nomina
976 629 1142 677 recensere
1157 633 1223 677 non
1237 617 1291 678 cst

190 711 260 796 jem
273 731 422 791 nonme,
440 733 519 778 cum
533 713 619 796 ipsse
634 711 813 796 posthanc
829 709 1083 788 Praefationem,
1096 731 1197 794 qnam
1213 733 1291 778 one·

194 831 265 880 rere
280 816 369 892 nolo,
392 816 528 898 pagina
550 815 616 876 sint
637 813 735 897 quasi
760 831 821 896 per
840 813 956 878 fletum
970 813 1162 895 lessnmque
1177 815 1290 882 excla-

192 920 344 994 matum,
372 921 458 1000 quot
479 913 648 978 fateantur
675 932 835 997 operosos
864 933 902 978 se
917 920 963 979 et
982 915 1162 998 pervigiles
1186 914 1291 979 fnisse

193 1015 368 1100 adjutores
391 1015 435 1080 ad
457 1014 623 1098 abigenda
645 1015 688 1080 ab
710 1015 764 1080 his
787 1016 959 1082 Noctibus
981 1023 1051 1082 tarn
1077 1015 1200 1092 Attice,
1225 1020 1293 1080 tem

192 1117 323 1181 urbane
346 1115 582 1200 modulateque
608 1116 768 1184 traductis
790 1120 903 1184 omnia
923 1118 1037 1183 nubila
1058 1117 1191 1182 aliunde
1214 1137 1292 1184 con·

195 1221 317 1294 tracta,
334 1216 457 1282 sedita
470 1225 509 1282 nt
529 1223 562 1282 et
576 1219 716 1284 emulos
732 1220 949 1304 quamplures
965 1219 1117 1303 ejusdem
1134 1221 1203 1285 voti
1223 1220 1292 1284 lau-

196 1317 277 1384 dent
289 1317 508 1403 indicantque.
552 1317 679 1388 Verum
692 1323 814 1387 victrix
825 1321 1043 1406 triumphavit
1052 1321 1197 1387 fortunae
1208 1324 1293 1406 pub·

193 1419 273 1486 licre
286 1421 476 1500 calamites,
497 1429 533 1486 et
553 1423 698 1490 vastitas
719 1425 875 1508 quedam
898 1425 1011 1490 Gellio
1025 1425 1076 1490 sic
1087 1422 1152 1489 fuit
1165 1423 1294 1502 addita,

193 1532 232 1586 nt
246 1520 374 1605 integro
395 1523 623 1590 meditationis
644 1531 805 1590 contextu
829 1533 864 1592 et
887 1527 983 1610 qnasi
1005 1527 1196 1592 cohaerente
1218 1545 1294 1591 cor·

194 1643 278 1707 pore
294 1627 447 1690 exornari
461 1645 542 1690 eum
556 1628 730 1710 contigerit
742 1629 785 1692 ab
800 1629 892 1694 nullo
903 1629 1053 1709 istorum,
1066 1648 1150 1714 quos
1164 1647 1293 1712 praesu·

193 1743 283 1790 mere
296 1727 378 1793 lieet
391 1727 434 1792 ad
450 1729 533 1793 tanti
548 1729 661 1812 operis
675 1727 878 1794 molitionem
894 1731 1107 1814 congessisse
1120 1731 1295 1796 materiem

195 1845 328 1910 tequam
346 1835 382 1896 et
402 1831 504 1896 robur
518 1831 597 1896 huic
612 1830 748 1896 fiducie
763 1831 975 1895 conveniens.
1019 1830 1131 1894 Nemo
1144 1831 1294 1907 istorum,

194 1930 255 2010 qni
269 1931 305 1994 id
321 1932 433 2014 egisse
449 1949 485 1996 se
500 1931 726 2008 ostenderunt,
748 1938 787 1996 ut
804 1931 900 1996 varia
912 1931 1097 2013 priscarum
1111 1945 1220 1992 rerum
1236 1947 1296 1994 seu

195 2030 319 2099 Romae
336 2052 397 2097 sen
411 2053 473 2115 per
487 2033 660 2098 Graeciam
675 2033 818 2096 lectione
839 2031 959 2096 imbuti
975 2029 1244 2094 nanciscerentur
1257 2031 1297 2092 li·

194 2135 276 2198 bros
290 2140 369 2200 ante
382 2134 509 2197 saecula
528 2134 686 2214 scriptos,
700 2150 826 2212 eosque
838 2131 988 2196 studiosa
999 2130 1182 2194 attentione
1192 2131 1297 2216 inspi-

196 2241 326 2310 cerent,
347 2233 464 2315 potnit
483 2232 547 2296 hoc
571 2231 732 2306 obtinere,
754 2237 793 2294 nt
813 2235 926 2294 essent
948 2229 1151 2316 perficiendo
1174 2231 1296 2298 Gellio.

197 2333 385 2400 Decolarit
404 2333 548 2398 laboret
567 2352 649 2417 spes
667 2333 824 2410 omniurn,
847 2338 882 2396 et
897 2333 994 2418 cnjus
1008 2334 1137 2422 generis
1151 2353 1297 2419 cumque

199 2435 366 2519 promissa
380 2435 496 2502 forsan
511 2437 647 2502 eventui
666 2435 738 2520 jam
755 2434 908 2517 proxima
923 2435 960 2500 in
973 2434 1114 2500 nihilum
1135 2437 1296 2502 abierunt

200 2534 350 2616 Quando
379 2557 462 2604 ecce
490 2543 669 2622 amputata
692 2537 784 2601 omni
811 2537 1044 2621 expectatione
1072 2555 1134 2600 nee
1160 2537 1298 2602 ulterior

199 2640 337 2706 residua
357 2631 430 2705 nlla
450 2640 706 2724 pollicitationis
721 2643 789 2703 tam
804 2637 922 2704 densae
936 2647 1044 2724 parte,
1061 2637 1158 2704 Patri
1172 2657 1250 2704 meo
1264 2639 1298 2702 in

199 2751 343 2808 mentem
364 2743 455 2808 venit
473 2743 574 2808 circa
588 2761 713 2808 annum
736 2740 832 2805 1650.
857 2749 986 2824 partem
1007 2741 1071 2806 otii
1093 2742 1146 2806 sui
1165 2742 1200 2806 in
1217 2739 1299 2810 Gel-

200 2841 283 2906 linm
297 2843 455 2920 conferre,
469 2863 512 2910 ea
525 2845 669 2920 fortuna,
692 2849 733 2907 nt
753 2840 932 2908 editionem
953 2841 1051 2908 daret
1064 2842 1298 2925 congruentio-

202 2961 272 3008 rem
287 2943 448 3009 rolnntati
471 2953 506 3012 et
529 2965 636 3030 scopo
656 2944 815 3022 auctoris,
836 2964 938 3028 quam
951 2945 1041 3012 ullus
1057 2950 1135 3009 ante
1149 2944 1296 3012 dederat

202 3046 323 3132 ltaque
337 3046 502 3113 hacteuus
516 3047 661 3114 feliciter
675 3067 717 3111 ea
738 3065 791 3110 res
805 3047 917 3122 cessit,
930 3065 992 3110 nec
1007 3045 1098 3111 ultra
1109 3045 1207 3112 licuit
1221 3067 1299 3131 pro·

201 3147 311 3211 desse.
355 3149 425 3214 Sed
449 3168 525 3213 cnm
548 3150 763 3214 volventibus
782 3149 878 3213 annis
896 3147 938 3212 de
952 3149 1064 3214 multis
1087 3151 1300 3233 peculiariter

203 3247 240 3310 in
255 3247 432 3312 consilinm
454 3249 513 3326 ire,
537 3249 675 3314 modum
696 3249 875 3334 reponendi
894 3249 963 3314 seri
977 3249 1020 3314 ab
1035 3250 1111 3333 ipso
1126 3251 1300 3329 excogita·

203 3355 276 3412 tum
292 3366 478 3432 proponere
493 3354 527 3414 et
542 3351 781 3429 commendare,
793 3351 954 3436 quicquid
967 3356 1102 3435 ruptum
1116 3351 1300 3414 fractumve

202 3469 280 3516 esse
295 3449 584 3518 animadvertebat
597 3469 719 3520 sanare
733 3453 861 3532 institit,
876 3453 1010 3520 afflatus
1022 3454 1098 3518 hinc
1109 3449 1202 3514 abiit.
1219 3445 1300 3514 Non

201 3552 250 3620 foi
264 3555 441 3618 immemor
455 3561 524 3618 tam
539 3553 600 3620 diri
615 3554 746 3633 fascini,
770 3561 805 3620 et
826 3555 925 3620 debui
947 3572 1089 3630 cavere3
1111 3548 1199 3614 uude
1221 3549 1300 3616 dnm

201 3655 266 3721 hac
279 3675 317 3722 re
333 3675 492 3740 occupor,
514 3661 674 3740 tauquam
698 3656 809 3722 nullus
834 3654 950 3732 forem,
976 3654 1017 3719 de
1031 3649 1144 3716 medio
1158 3649 1302 3716 subduxi

202 3775 257 3823 me
271 3765 305 3825 et
318 3758 452 3826 letardo
466 3759 577 3825 celare
593 3759 731 3826 annisus
746 3755 898 3838 nihilque
912 3755 977 3820 nisi
992 3751 1141 3819 Gellium
1150 3768 1301 3832 versans,

202 3875 414 3946 nequaquam
437 3863 557 3947 sategi,
580 3861 663 3948 qnid
686 3859 743 3925 liic
764 3857 838 3922 illic
853 3855 1059 3919 scriberetur·
1068 3855 1171 3934 atque
1186 3855 1303 3932 exiret,

205 3966 241 4024 et
254 3961 305 4026 sic
320 3963 478 4046 effugisse
491 3983 544 4030 me
557 3965 664 4030 laetor.
710 3956 941 4027 Nihilominus
956 3954 1059 4020 Pater
1070 3951 1257 4022 efferendus
1269 3955 1303 4020 in

203 4061 269 4127 hoc
281 4063 465 4130 luctificum
487 4065 660 4147 specimen
682 4062 783 4126 horas
806 4077 886 4124 suas
901 4055 1023 4138 ‚Gellio
1039 4058 1148 4124 acrius
1163 4064 1197 4122 et
1210 4073 1303 4140 pres·
