3014 4724
244 222 267 286 4
619 233 750 284 uncosr
774 233 958 283 onosovrr

242 383 315 450 sius
340 381 507 464 exigendo
531 379 678 456 tradidit,
707 397 777 442 non
806 386 876 444 tam
902 397 1027 446 novum
1056 398 1144 464 opus
1166 379 1336 460 inchoans,

243 505 344 570 quam
359 503 472 548 curam
485 483 630 566 priorem
641 501 819 558 renovans,
828 489 932 565 prout
945 482 1050 564 magis
1062 483 1183 566 colligo
1199 501 1245 546 ex
1259 484 1337 566 ipso

241 592 426 669 conspectu
454 585 668 668 exemplaris,
695 583 786 668 quod
813 585 849 647 in
875 583 991 649 Gallia
1015 585 1058 648 ab
1083 604 1125 648 eo
1148 584 1337 650 adhibitum

242 689 327 766 scio,
343 707 420 754 cum
434 688 686 770 chirographum
700 695 790 750 esset
799 687 987 770 juvenilius'
998 696 1033 752 et
1045 688 1154 752 minus
1165 693 1335 766 constans,

242 809 344 873 quam
360 809 405 854 ex
420 796 511 854 certa
526 789 643 872 scripti
658 789 788 852 notitia.

284 891 340 956 lta
350 891 446 956 vides
461 892 542 954 mihi
553 891 676 956 oboriri
688 891 972 974 opportunitatem
982 893 1157 958 enarrandi
1170 893 1333 972 subsidia,

239 1013 317 1078 quae
340 995 502 1077 paulatim
525 994 749 1076 multiplicata
768 994 834 1058 huc
859 994 1049 1060 detulerunt
1066 995 1215 1075 Patrem,
1237 1002 1274 1062 nt
1292 996 1333 1061 de

237 1099 368 1162 edendo
384 1097 500 1162 Gellio
524 1097 693 1178 cogitaret,
718 1115 861 1178 eumque
877 1103 1012 1179 cuperet
1025 1099 1061 1161 iu
1074 1097 1246 1178 beneficiis
1261 1097 1332 1162 suis

238 1200 375 1264 deferre.
419 1197 516 1262 Unde
545 1198 645 1260 etiam
672 1197 753 1259 mihi
782 1199 965 1262 necessitas
995 1199 1108 1282 posita
1135 1199 1200 1264 luit
1229 1199 1331 1264 altius

236 1301 431 1384 penetrandi
446 1300 488 1364 ad
503 1299 772 1380 recognoscenda
786 1300 1006 1384 chirographa
1021 1303 1095 1367 sire
1110 1309 1251 1387 paterna
1261 1304 1332 1367 sive

237 1403 391 1480 aliorum,
414 1418 491 1486 quae
506 1401 586 1466 mihi
601 1400 717 1465 relicta
739 1407 772 1464 et
793 1401 836 1464 ad
858 1421 992 1466 manum
1007 1410 1096 1481 suut,
1119 1421 1221 1487 quam
1235 1403 1331 1486 potui

235 1504 345 1569 facere
360 1505 534 1568 intervallo
549 1509 631 1579 toto,
654 1522 722 1586 quo
738 1521 759 1565 a
773 1502 869 1566 nobis
884 1502 1046 1568 discessit
1068 1504 1189 1585 Pater3
1213 1516 1250 1569 ut
1272 1524 1331 1587 ag-

234 1623 358 1668 noscas
374 1605 476 1668 aliam
491 1623 627 1668 causam
642 1602 773 1669 laetitiae
788 1622 834 1666 ex
851 1622 956 1686 opera
973 1604 1084 1670 Gellio
1099 1603 1191 1668 data.
1235 1603 1330 1668 Reli-

234 1707 308 1789 quit
328 1707 416 1770 enim
442 1705 668 1789 Gryphianam
691 1706 868 1769 aditionem
891 1707 968 1770 anui
990 1707 1085 1772 1539.
1108 1727 1211 1792 quam
1227 1707 1329 1771 variis

233 1808 439 1874 lectionibus
454 1808 604 1873 oneravit
619 1807 740 1872 alibro
754 1825 843 1870 nono
858 1807 901 1871 ad
919 1809 1028 1887 duem,
1051 1827 1193 1892 quarum
1216 1809 1330 1892 ipsum

234 1909 491 1994 chirographum
512 1911 655 1975 ostendit
670 1909 859 1994 juventutis
881 1909 1035 1976 laetitiam
1056 1910 1212 1996 (perinde
1234 1916 1272 1975 ut
1293 1911 1329 1974 iu

233 2015 311 2078 aliis
325 2014 405 2092 illis,
429 2034 506 2098 quae
522 2033 580 2097 per
599 2012 767 2077 Gallicam
782 2013 1075 2096 peregrinationem
1090 2010 1242 2095 collegit)
1256 2031 1328 2076 ma-

228 2115 338 2199 jorem
354 2135 455 2200 quam
475 2137 551 2182 cum
576 2116 691 2180 multis
715 2116 809 2178 aunis
824 2119 903 2198 post
916 2120 1109 2198 excerperet
1122 2113 1257 2178 easdem
1283 2133 1329 2178 ex

232 2219 408 2282 codicibus
431 2217 622 2284 Vossianis.
668 2215 737 2281 Hie
759 2217 844 2281 inter
865 2217 975 2300 prima
996 2216 1150 2280 scribitur
1171 2214 1327 2280 ‘Initium

231 2319 307 2384 libri
325 2320 441 2385 Mem!
464 2323 561 2386 etiam
578 2318 612 2386 iu
625 2321 691 2384 tine
716 2319 821 2384 ‘Huc
842 2339 948 2402 usque
967 2316 1078 2382 Mem’
1098 2317 1185 2382 uude
1210 2318 1326 2382 censui

232 2419 375 2485 iudicari
398 2422 550 2487 codicem
576 2423 736 2498 Memmii,
756 2419 847 2503 quod
867 2440 986 2484 nornen
1001 2425 1085 2485 utet
1101 2417 1326 2484 Menardiha-

231 2523 304 2586 buit
318 2523 354 2586 in
368 2543 409 2588 ea
422 2526 557 2607 regione
570 2529 769 2606 pergratum,
796 2521 859 2586 etsi
882 2527 1004 2605 postea
1019 2523 1215 2604 plerumque
1229 2525 1325 2586 nota·

230 2633 319 2691 retur
351 2623 418 2702 Me,
440 2632 472 2688 et
499 2627 633 2706 insuper
659 2622 787 2704 passim
814 2619 872 2687 ci.
895 2625 992 2706 quasi
1019 2621 1166 2689 chifletii
1198 2622 1325 2707 aliquid

230 2727 390 2790 innueret
435 2722 520 2786 Cum
543 2722 659 2786 horum
682 2723 792 2806 priore
811 2723 1004 2807 plerumque
1026 2725 1197 2809 conspirat
1218 2725 1324 2790 altera

229 2827 367 2908 collatio
389 2825 544 2890 instituta
565 2829 668 2888 antea
690 2825 733 2888 ab
759 2825 832 2888 viro
857 2823 958 2888 docto
980 2825 1045 2890 fine
1068 2826 1146 2890 anni
1167 2813 1264 2891 1594.
1279 2827 1324 2890 ad

229 2927 409 2992 editionem
432 2925 576 3011 Gryphii
599 2944 686 2990 anuo
709 2927 806 2992 1534.
832 2946 910 3010 quae
929 2927 1055 3010 etipsa
1070 2930 1113 2992 ab
1129 2927 1323 2992 Patremihi

227 3029 341 3093 relicta
355 3036 416 3106 est,
431 3029 529 3112 cujus
551 3031 683 3113 pagiua
706 3030 832 3114 ubique
858 3031 1029 3112 signantur
1052 3031 1149 3094 litera
1170 3029 1211 3106 P,
1226 3035 1322 3094 nota·

228 3133 343 3216 vitque
359 3132 394 3195 iu
407 3131 513 3196 fronte
527 3149 644 3196 manus
659 3131 746 3215 ejus,
768 3132 826 3215 qui
844 3131 991 3208 contulit,
1012 3131 1118 3196 fuisse
1141 3129 1237 3196 Pauli
1255 3131 1321 3195 Pe·

228 3235 311 3300 tavii
327 3235 507 3298 Senatorio.
551 3233 628 3298 Hac
643 3235 751 3317 prima
766 3234 1150 3300 occasioneconciliatus
1160 3231 1275 3298 Gellio
1289 3241 1323 3298 et

227 3357 272 3402 ex
287 3335 447 3400 Salmasii
459 3335 596 3418 scriptis
610 3335 879 3417 lectionibusque
890 3335 923 3397 iu
939 3333 1048 3416 Regio
1065 3335 1187 3401 Galliae
1204 3335 1321 3401 codice

225 3440 368 3523 sparsim
392 3437 567 3523 productis
585 3437 727 3520 adeptus
743 3444 958 3520 conspectum
973 3435 1077 3502 Gellii
1091 3437 1188 3519 louge
1203 3436 1320 3514 alium,

225 3559 326 3625 quam
338 3541 520 3606 habuerant
534 3540 675 3623 priores,
700 3559 800 3622 quem
822 3546 934 3605 tamen
948 3547 984 3603 et
996 3539 1107 3604 editor
1121 3537 1320 3620 Lugdunen-

225 3643 274 3706 sis
289 3645 368 3708 auni
384 3644 480 3709 1644.
491 3643 614 3707 hahere
627 3649 763 3727 poterat
774 3647 808 3706 et
822 3642 989 3721 debuerat,
1005 3649 1043 3706 nt
1053 3641 1258 3706 Praelatione
1273 3659 1318 3704 ex

224 3747 350 3811 monito
365 3754 400 3810 et
417 3745 543 3810 iudicio
569 3743 726 3810 Salmasii
741 3743 976 3827 praeponenda
991 3743 1211 3826 conspicuam
1225 3739 1319 3806 iace·

223 3849 273 3905 ret
287 3845 449 3911 rationem
465 3847 656 3930 scriptionis
671 3844 849 3921 Gellianae,
865 3845 1008 3909 accessit
1026 3843 1168 3926 denique
1192 3842 1236 3907 ad
1259 3863 1319 3909 ex-

223 3941 351 4023 emplar
380 3947 517 4011 editioni
547 3945 740 4031 parandum,
768 3963 867 4028 quam
904 3947 1096 4029 procuravit
1124 3943 1319 4011 Ludovicus

222 4039 418 4118 Eluevirius,
434 4053 519 4110 certe
535 4049 779 4130 castigatiorem
795 4047 962 4131 prioribus
972 4048 1140 4125 omnibus,
1152 4049 1318 4113 ulmerito

222 4142 309 4209 dixit
324 4145 357 4208 in
371 4143 490 4208 iudice.
