3014 4724
195 185 226 274 p
581 194 711 244 recum
735 191 920 244 nnonovrr

204 342 378 408 inescatus
393 337 621 422 vulgariaucn
637 337 877 404 contemserim.
921 335 960 402 Si
975 335 1056 402 nibil
1070 333 1175 414 alind,
1192 341 1300 426 osten·

205 445 299 522 dunt,
309 450 346 508 ut
355 444 398 509 ab
413 461 479 507 uuo
496 451 530 507 et
543 441 673 524 optimo
688 441 782 507 varie
797 441 842 505 sit
855 439 1052 516 discessum,
1064 447 1100 504 et
1114 458 1205 504 error
1218 459 1302 525 pau-

202 547 297 612 latim
313 545 464 611 creverit.
508 544 531 609 J
534 564 588 609 am
610 545 702 628 coepi
728 563 787 630 per
811 543 990 608 subseciva
1011 548 1195 625 temporum
1217 561 1300 607 con-

202 649 288 714 serre
303 653 336 711 et
350 648 437 712 intra
449 665 594 710 mensem
608 647 658 711 sic
673 665 715 710 eo
731 663 867 710 risurum
882 663 996 727 spero,
1014 650 1053 708 nt
1065 663 1125 707 cur
1139 662 1215 708 enm
1228 663 1299 723 mo-

202 769 264 827 rer,
280 767 391 814 cansae
407 748 491 813 nihil
504 749 656 813 habeam.
701 747 788 812 Tum
801 746 930 812 scilicet
941 745 996 811 vel
1010 753 1047 810 tu
1061 746 1299 810 monstraveris

202 850 294 928 mibi,
308 851 363 916 vel
384 870 445 934 ego
466 851 635 928 invenero,
659 851 718 932 qui
742 849 874 914 salvum
895 851 1041 932 reportet
1063 848 1137 925 tibi,
1163 849 1298 931 quaudo

201 953 317 1018 merito
333 970 446 1017 carum
460 953 523 1017 tibi
539 971 614 1016 esse
628 949 818 1034 significas!
863 949 993 1028 Habes,
1008 949 1195 1028 nisifallor,
1206 951 1299 1034 quic·

202 1054 284 1138 quid
300 1061 415 1137 potest
430 1054 473 1119 ad
489 1055 644 1120 notitiam
658 1053 787 1118 codicis
803 1049 1020 1116 Schell'eriani
1036 1053 1211 1135 pertinere.

245 1157 313 1221 Sed
337 1176 442 1240 neque
466 1155 614 1220 desidere
636 1155 748 1239 potuit
768 1173 830 1238 pro
847 1153 963 1218 ardore
979 1171 1042 1216 sno
1057 1159 1220 1237 perpetuo
1236 1151 1298 1218 Vir

202 1257 382 1324 Excellens
396 1259 496 1322 Bern.
512 1257 779 1334 Rottendorfius,
792 1255 871 1340 quin
886 1261 1072 1338 postquam
1092 1253 1298 1320 indicaverat
1346 1333 1349 1346 ,

199 1379 260 1444 per
272 1359 390 1425 literas
404 1359 457 1424 22.
472 1359 557 1423 Maii
570 1359 667 1424 1651.
681 1360 835 1441 scriptas,
851 1377 888 1421 se
903 1358 938 1420 in
952 1357 1109 1439 catalogo
1121 1355 1297 1420 Nundina-

201 1480 275 1526 rum
292 1460 615 1524 Francosurtcnsium
630 1459 754 1525 vidisse
769 1459 902 1524 Patrem
917 1459 1124 1522 recensuisse
1136 1459 1297 1523 hoc'auuo

200 1561 326 1628 Aulum
341 1560 499 1638 Gellium,
523 1565 708 1639 testaretur,
733 1563 764 1624 si
784 1561 944 1625 maturius
958 1559 1025 1625 hoc
1039 1560 1207 1638 scivisset,
1221 1579 1298 1643 pro·

202 1673 393 1728 curaturum
408 1662 512 1728 fuisse
525 1665 777 1747 antiquissimas
791 1664 1015 1741 membranas,
1030 1663 1215 1728 etomuium
1227 1663 1297 1745 pri-

199 1782 290 1830 mam
313 1763 493 1828 editionem
524 1763 714 1832 Romanam
737 1765 779 1830 de
805 1784 891 1830 anno
915 1765 1011 1829 1472.
1037 1767 1070 1829 in
1091 1764 1150 1828 iol.
1194 1763 1295 1831 Unde

200 1884 275 1930 cnm
304 1874 456 1950 pergeret
483 1885 565 1932 mox
588 1867 622 1931 3.
651 1867 746 1932 Junii
767 1867 912 1932 scribere
944 1887 981 1932 se
1010 1866 1138 1932 vidisse
1168 1865 1297 1932 Aulum

201 1964 347 2032 Gellium
369 1968 571 2050 praecedenti
597 1987 683 2034 anno
709 1969 752 2033 ad
774 1967 940 2046 Rhenum,
955 1968 1067 2034 addit:
1083 1972 1220 2032 ‘verum
1235 1968 1295 2032 illo

199 2069 301 2150 potiri
308 2089 448 2154 nequeo,
457 2071 524 2134 nisi
533 2070 627 2135 suero
642 2091 794 2156 praesens
803 2068 824 2147 ;’
839 2076 940 2154 atque
950 2072 998 2136 ita
1006 2089 1082 2135 cum
1093 2070 1196 2135 variis
1205 2071 1296 2134 circa

199 2167 447 2254 Westpbaliam
471 2172 682 2256 Principibus
708 2179 796 2239 esset
820 2193 842 2238 a
857 2173 1035 2250 medicina,
1050 2171 1232 2237 affirmabat
1239 2173 1295 2256 ju-

199 2271 308 2337 cunde
334 2272 521 2356 blandeque
549 2295 587 2340 se
609 2283 764 2340 venatum
789 2277 932 2354 iturum3
957 2273 1065 2338 donec
1088 2290 1295 2357 quacumque

198 2373 327 2436 ratium
343 2374 416 2438 sive
430 2375 525 2439 illum
536 2377 608 2441 siue
624 2377 726 2440 alium
743 2373 847 2438 Gellii
859 2373 1007 2440 codicem
1019 2393 1154 2458 quoque
1166 2375 1209 2438 ad
1224 2393 1294 2440 ma·

197 2495 274 2542 num
289 2475 392 2542 Pater
405 2496 508 2562 opera
522 2478 594 2562 ejus
614 2477 741 2554 habuit,
757 2475 823 2540 etsi
842 2475 988 2540 nondum
1003 2477 1138 2559 assequi
1155 2478 1293 2561 possim,

200 2598 267 2661 quo
281 2585 429 2661 tempore
443 2587 629 2660 acceptum.
674 2578 797 2641 Habeo
813 2578 924 2641 literas
940 2597 1041 2642 manu
1056 2576 1117 2642 filii
1131 2575 1294 2644 Bernardi

198 2679 367 2745 Eustatbii
383 2679 603 2744 Rottendorfii
617 2687 786 2757 exaratas,
810 2679 933 2762 quibus
948 2680 1037 2744 mitti
1052 2679 1177 2744 adeum
1191 2685 1292 2746 testa-

197 2785 250 2845 tur
261 2782 305 2844 ab
321 2800 358 2844 se
367 2779 468 2863 jussu
482 2781 589 2863 patris
603 2779 754 2845 Gellium
771 2781 981 2845 Monasterio
992 2783 1024 2844 5.
1039 2779 1062 2846 J
1065 2781 1147 2860 unii,
1164 2783 1293 2847 cuinon

198 2880 311 2944 addita
325 2888 379 2946 est
393 2883 524 2946 notatio
541 2884 630 2947 anni.
674 2883 784 2948 Etiam
809 2885 843 2948 io
869 2882 1077 2948 Kalendario
1101 2883 1293 2949 anni1652.

196 2979 297 3048 video
313 2983 356 3046 ab
372 2981 473 3048 Patre
488 2989 680 3050 annotatum
696 2988 729 3050 5.
747 2985 930 3052 Novembr.
954 2985 1080 3050 ‘Rodii
1094 2992 1127 3051 et
1141 2986 1254 3050 iuveni
1271 3004 1293 3047 a

198 3081 432 3150 Rotteudorfio
446 3085 562 3150 literas
572 3105 647 3152 cum
661 3085 748 3152 Mss.
761 3086 871 3152 Statio
882 3092 914 3152 et
924 3097 1034 3154 uetere
1047 3086 1158 3154 Gellio
1168 3085 1187 3167 ς’
1198 3085 1292 3170 quod

195 3186 308 3252 forsan
336 3185 403 3252 huc
432 3187 584 3271 pertinet.
628 3190 726 3256 Sicut
754 3190 875 3256 eodem
901 3209 988 3256 anno
1010 3188 1133 3254 ibidem
1158 3188 1295 3273 scripsit

197 3287 345 3354 Gellium
360 3289 403 3354 ab
419 3309 456 3354 se
471 3291 611 3356 missum
633 3311 710 3356 esse
735 3292 779 3356 ad
803 3291 1018 3368 Salmasium,
1040 3290 1100 3374 qui
1123 3291 1291 3356 maximus

196 3389 248 3454 vir
262 3397 343 3455 tunc
358 3391 440 3456 iuter
453 3389 606 3455 homines
620 3409 697 3457 esse
714 3392 827 3457 desiit.
871 3391 963 3472 Quid
978 3391 1069 3474 quod
1084 3398 1121 3456 et
1134 3392 1178 3456 ab
1193 3391 1290 3484 Luca

81 3517 83 3522 ¹
197 3489 449 3573 Langermanno
466 3493 625 3576 scriptum
637 3492 736 3558 video
747 3491 860 3558 Roma
868 3493 953 3577 ipsis
961 3491 1053 3556 feriis
1065 3489 1289 3556 Pascbalibus

195 3589 285 3656 Auni
310 3593 407 3660 1652.
429 3595 440 3628 ‘
451 3593 530 3660 Jam
554 3594 598 3658 ad
621 3593 765 3660 Gellium
785 3593 986 3678 progrediar.
1032 3592 1142 3658 Incidi
1157 3591 1290 3656 enimin

196 3694 385 3777 exemplum
400 3694 537 3778 aliquod
554 3695 654 3761 credo
670 3715 745 3761 cum
766 3695 910 3760 dirersis
924 3693 1097 3759 codicibus
1111 3682 1292 3758 oollabrml

197 3791 350 3876 Denique
365 3796 500 3863 adeum
520 3799 612 3864 venit
627 3799 731 3863 editio
746 3796 917 3862 confluens
933 3794 1145 3860 Ascensiana
1159 3792 1291 3858 scholia

196 3909 274 3958 curn
287 3893 414 3975 AEgidii
428 3897 569 3966 Maserii
590 3899 794 3964 Parisiensis
813 3904 848 3960 et
861 3895 956 3962 Petri
972 3895 1153 3961 Mosellani
1167 3895 1291 3960 Proto·

196 3993 309 4077 gensis
334 4001 500 4066 annotatis
521 4020 565 4066 ex
587 4001 721 4070 officina
741 3999 928 4080 Vascosani
954 4013 1141 4066 mcxxxv.
1157 3997 1206 4076 ¹de
1220 4015 1289 4082 qua
