<?xml version="1.0" encoding="UTF-8"?>
<!DOCTYPE html PUBLIC "-//W3C//DTD XHTML 1.0 Transitional//EN"
    "http://www.w3.org/TR/xhtml1/DTD/xhtml1-transitional.dtd">
<html xmlns="http://www.w3.org/1999/xhtml" xml:lang="en" lang="en">
 <head>
  <title>
</title>
<meta http-equiv="Content-Type" content="text/html;charset=utf-8" />
  <meta name='ocr-system' content='tesseract 3.04.00' />
  <meta name='ocr-capabilities' content='ocr_page ocr_carea ocr_par ocr_line ocrx_word'/>
</head>
<body>
  <div class='ocr_page' id='page_1' title='image "auligelliinocte02gellgoog_0057.png"; bbox 0 0 3014 4724; ppageno 0'>
   <div class='ocr_carea' id='block_1_1' title="bbox 401 807 1053 902">
    <p class='ocr_par' dir='ltr' id='par_1_1' title="bbox 401 807 1053 902">
     <span class='ocr_line' id='line_1_1' title="bbox 401 807 1053 902; baseline 0.006 -4"><span class='ocrx_word' id='word_1_1' title='bbox 401 807 642 900; x_wconf 87' lang='lat' dir='ltr'>INDEX</span> <span class='ocrx_word' id='word_1_2' title='bbox 694 807 1053 902; x_wconf 88' lang='lat' dir='ltr'><strong>CAPITUM.</strong></span> 
     </span>
    </p>
   </div>
   <div class='ocr_carea' id='block_1_2' title="bbox 587 1094 847 1110">
    <p class='ocr_par' dir='ltr' id='par_1_2' title="bbox 587 1094 847 1110">
     <span class='ocr_line' id='line_1_2' title="bbox 587 1094 847 1110; baseline 0.012 -4"><span class='ocrx_word' id='word_1_3' title='bbox 587 1094 847 1110; x_wconf 48' lang='lat' dir='ltr'><em>m</em></span> 
     </span>
    </p>
   </div>
   <div class='ocr_carea' id='block_1_3' title="bbox 502 1297 918 1363">
    <p class='ocr_par' dir='ltr' id='par_1_3' title="bbox 502 1297 918 1363">
     <span class='ocr_line' id='line_1_3' title="bbox 502 1297 918 1363; baseline -0.002 -17"><span class='ocrx_word' id='word_1_4' title='bbox 502 1297 674 1348; x_wconf 68' lang='lat' dir='ltr'><strong>Commentario</strong></span> <span class='ocrx_word' id='word_1_5' title='bbox 679 1297 757 1363; x_wconf 86' lang='lat' dir='ltr'><strong>primo</strong></span> <span class='ocrx_word' id='word_1_6' title='bbox 767 1297 818 1345; x_wconf 82' lang='lat' dir='ltr'><strong>haer</strong></span> <span class='ocrx_word' id='word_1_7' title='bbox 827 1297 918 1346; x_wconf 74' lang='lat' dir='ltr'><strong>iurent.</strong></span> 
     </span>
    </p>
   </div>
   <div class='ocr_carea' id='block_1_4' title="bbox 176 1391 1273 4188">
    <p class='ocr_par' dir='ltr' id='par_1_4' title="bbox 179 1391 1273 1632">
     <span class='ocr_line' id='line_1_4' title="bbox 183 1391 1273 1470; baseline 0.004 -12"><span class='ocrx_word' id='word_1_8' title='bbox 183 1391 258 1458; x_wconf 74' lang='lat' dir='ltr'><strong>Cer.</strong></span> <span class='ocrx_word' id='word_1_9' title='bbox 271 1407 293 1456; x_wconf 88' lang='lat' dir='ltr'><strong>l.</strong></span> <span class='ocrx_word' id='word_1_10' title='bbox 310 1404 399 1456; x_wconf 78' lang='lat' dir='ltr'><strong>Quttt</strong></span> <span class='ocrx_word' id='word_1_11' title='bbox 409 1405 576 1468; x_wconf 78' lang='lat' dir='ltr'><strong>proportione</strong></span> <span class='ocrx_word' id='word_1_12' title='bbox 586 1407 732 1470; x_wconf 77' lang='lat' dir='ltr'>quibusque</span> <span class='ocrx_word' id='word_1_13' title='bbox 749 1405 945 1457; x_wconf 77' lang='lat' dir='ltr'><strong>collectionibus</strong></span> <span class='ocrx_word' id='word_1_14' title='bbox 957 1405 1117 1458; x_wconf 84' lang='lat' dir='ltr'><strong>Plutrrchur</strong></span> <span class='ocrx_word' id='word_1_15' title='bbox 1136 1408 1273 1462; x_wconf 73' lang='lat' dir='ltr'><strong>ratiocine-</strong></span> 
     </span>
     <span class='ocr_line' id='line_1_5' title="bbox 179 1483 1271 1555; baseline 0.003 -17"><span class='ocrx_word' id='word_1_16' title='bbox 179 1493 234 1538; x_wconf 84' lang='lat' dir='ltr'><strong>lum</strong></span> <span class='ocrx_word' id='word_1_17' title='bbox 255 1498 313 1536; x_wconf 82' lang='lat' dir='ltr'><strong>eote</strong></span> <span class='ocrx_word' id='word_1_18' title='bbox 335 1483 509 1550; x_wconf 69' lang='lat' dir='ltr'><strong>Pythagoram</strong></span> <span class='ocrx_word' id='word_1_19' title='bbox 530 1485 709 1550; x_wconf 86' lang='lat' dir='ltr'><strong>plriloroplrurn</strong></span> <span class='ocrx_word' id='word_1_20' title='bbox 725 1485 821 1535; x_wconf 77' lang='lat' dir='ltr'><strong>dixerit</strong></span> <span class='ocrx_word' id='word_1_21' title='bbox 839 1485 872 1536; x_wconf 87' lang='lat' dir='ltr'><strong>de</strong></span> <span class='ocrx_word' id='word_1_22' title='bbox 888 1488 1132 1550; x_wconf 72' lang='lat' dir='ltr'><strong>comprehendendo</strong></span> <span class='ocrx_word' id='word_1_23' title='bbox 1152 1493 1271 1555; x_wconf 74' lang='lat' dir='ltr'><strong>corporis</strong></span> 
     </span>
     <span class='ocr_line' id='line_1_6' title="bbox 180 1563 1102 1632; baseline -0.003 -13"><span class='ocrx_word' id='word_1_24' title='bbox 180 1566 347 1632; x_wconf 69' lang='lat' dir='ltr'><strong>proceritate,</strong></span> <span class='ocrx_word' id='word_1_25' title='bbox 357 1579 411 1631; x_wconf 78' lang='lat' dir='ltr'><strong>quo</strong></span> <span class='ocrx_word' id='word_1_26' title='bbox 421 1563 472 1614; x_wconf 87' lang='lat' dir='ltr'><strong>iuit</strong></span> <span class='ocrx_word' id='word_1_27' title='bbox 485 1564 621 1628; x_wconf 82' lang='lat' dir='ltr'><strong>Herculeo,</strong></span> <span class='ocrx_word' id='word_1_28' title='bbox 632 1579 690 1616; x_wconf 83' lang='lat' dir='ltr'><strong>curn</strong></span> <span class='ocrx_word' id='word_1_29' title='bbox 703 1564 781 1614; x_wconf 83' lang='lat' dir='ltr'><strong>ritem</strong></span> <span class='ocrx_word' id='word_1_30' title='bbox 791 1564 859 1614; x_wconf 87' lang='lat' dir='ltr'><strong>inter</strong></span> <span class='ocrx_word' id='word_1_31' title='bbox 870 1565 985 1617; x_wconf 82' lang='lat' dir='ltr'><strong>horuiucr</strong></span> <span class='ocrx_word' id='word_1_32' title='bbox 994 1569 1102 1618; x_wconf 83' lang='lat' dir='ltr'><strong>vireret.</strong></span> 
     </span>
    </p>

    <p class='ocr_par' dir='ltr' id='par_1_5' title="bbox 178 1645 1271 1952">
     <span class='ocr_line' id='line_1_7' title="bbox 211 1645 1270 1716; baseline 0.003 -19"><span class='ocrx_word' id='word_1_33' title='bbox 211 1652 236 1697; x_wconf 74' lang='lat' dir='ltr'><strong>h.</strong></span> <span class='ocrx_word' id='word_1_34' title='bbox 253 1645 296 1696; x_wconf 81' lang='lat' dir='ltr'><strong>Ah</strong></span> <span class='ocrx_word' id='word_1_35' title='bbox 316 1645 423 1696; x_wconf 85' lang='lat' dir='ltr'><strong>Herode</strong></span> <span class='ocrx_word' id='word_1_36' title='bbox 432 1645 523 1695; x_wconf 83' lang='lat' dir='ltr'><strong>Attico</strong></span> <span class='ocrx_word' id='word_1_37' title='bbox 536 1647 567 1696; x_wconf 86' lang='lat' dir='ltr'><strong>C.</strong></span> <span class='ocrx_word' id='word_1_38' title='bbox 575 1645 608 1694; x_wconf 86' lang='lat' dir='ltr'><strong>V·</strong></span> <span class='ocrx_word' id='word_1_39' title='bbox 627 1645 784 1708; x_wconf 73' lang='lat' dir='ltr'><strong>tempestive</strong></span> <span class='ocrx_word' id='word_1_40' title='bbox 806 1645 941 1710; x_wconf 71' lang='lat' dir='ltr'><strong>depromta</strong></span> <span class='ocrx_word' id='word_1_41' title='bbox 957 1649 982 1700; x_wconf 89' lang='lat' dir='ltr'><strong>in</strong></span> <span class='ocrx_word' id='word_1_42' title='bbox 995 1650 1270 1716; x_wconf 74' lang='lat' dir='ltr'><strong>quendanjectrbnn-</strong></span> 
     </span>
     <span class='ocr_line' id='line_1_8' title="bbox 178 1725 1271 1796; baseline 0.005 -20"><span class='ocrx_word' id='word_1_43' title='bbox 178 1725 239 1776; x_wconf 83' lang='lat' dir='ltr'><strong>dum</strong></span> <span class='ocrx_word' id='word_1_44' title='bbox 260 1733 288 1778; x_wconf 91' lang='lat' dir='ltr'><strong>et</strong></span> <span class='ocrx_word' id='word_1_45' title='bbox 306 1727 444 1792; x_wconf 72' lang='lat' dir='ltr'><strong>gloriosum</strong></span> <span class='ocrx_word' id='word_1_46' title='bbox 463 1725 664 1784; x_wconf 82' lang='lat' dir='ltr'><strong>udolrrcentenr,</strong></span> <span class='ocrx_word' id='word_1_47' title='bbox 684 1725 771 1792; x_wconf 85' lang='lat' dir='ltr'><strong>eprcie</strong></span> <span class='ocrx_word' id='word_1_48' title='bbox 793 1731 889 1776; x_wconf 73' lang='lat' dir='ltr'><strong>uotum</strong></span> <span class='ocrx_word' id='word_1_49' title='bbox 909 1727 1076 1796; x_wconf 77' lang='lat' dir='ltr'><strong>philoruphlae</strong></span> <span class='ocrx_word' id='word_1_50' title='bbox 1102 1738 1271 1795; x_wconf 71' lang='lat' dir='ltr'><strong>certatorem,</strong></span> 
     </span>
     <span class='ocr_line' id='line_1_9' title="bbox 180 1806 1271 1877; baseline 0.005 -21"><span class='ocrx_word' id='word_1_51' title='bbox 180 1807 259 1858; x_wconf 78' lang='lat' dir='ltr'><strong>rerba</strong></span> <span class='ocrx_word' id='word_1_52' title='bbox 272 1807 388 1872; x_wconf 79' lang='lat' dir='ltr'><strong>Epicteti</strong></span> <span class='ocrx_word' id='word_1_53' title='bbox 407 1807 499 1869; x_wconf 79' lang='lat' dir='ltr'><strong>Stoici,</strong></span> <span class='ocrx_word' id='word_1_54' title='bbox 507 1807 599 1872; x_wconf 86' lang='lat' dir='ltr'><strong>quihur</strong></span> <span class='ocrx_word' id='word_1_55' title='bbox 610 1806 739 1858; x_wconf 69' lang='lat' dir='ltr'><strong>festiviter</strong></span> <span class='ocrx_word' id='word_1_56' title='bbox 752 1822 766 1858; x_wconf 82' lang='grc' dir='ltr'>ι</span> <span class='ocrx_word' id='word_1_57' title='bbox 779 1821 840 1856; x_wconf 85' lang='lat' dir='ltr'><strong>vero</strong></span> <span class='ocrx_word' id='word_1_58' title='bbox 855 1807 944 1858; x_wconf 80' lang='lat' dir='ltr'><strong>Stoico</strong></span> <span class='ocrx_word' id='word_1_59' title='bbox 954 1809 1070 1872; x_wconf 77' lang='lat' dir='ltr'><strong>rejunxit</strong></span> <span class='ocrx_word' id='word_1_60' title='bbox 1081 1811 1172 1874; x_wconf 70' lang='lat' dir='ltr'><strong>vulguu</strong></span> <span class='ocrx_word' id='word_1_61' title='bbox 1183 1813 1271 1877; x_wconf 82' lang='lat' dir='ltr'><strong>loqut-</strong></span> 
     </span>
     <span class='ocr_line' id='line_1_10' title="bbox 178 1885 819 1952; baseline -0.002 -15"><span class='ocrx_word' id='word_1_62' title='bbox 178 1885 245 1938; x_wconf 79' lang='lat' dir='ltr'><strong>etun</strong></span> <span class='ocrx_word' id='word_1_63' title='bbox 255 1888 420 1950; x_wconf 87' lang='lat' dir='ltr'><strong>nebulonum,</strong></span> <span class='ocrx_word' id='word_1_64' title='bbox 429 1888 472 1952; x_wconf 88' lang='lat' dir='ltr'><strong>qul</strong></span> <span class='ocrx_word' id='word_1_65' title='bbox 483 1902 511 1937; x_wconf 86' lang='lat' dir='ltr'><strong>ee</strong></span> <span class='ocrx_word' id='word_1_66' title='bbox 521 1888 623 1937; x_wconf 82' lang='lat' dir='ltr'><strong>Stoioor</strong></span> <span class='ocrx_word' id='word_1_67' title='bbox 631 1893 819 1951; x_wconf 77' lang='lat' dir='ltr'><strong>nuncuparent.</strong></span> 
     </span>
    </p>

    <p class='ocr_par' dir='ltr' id='par_1_6' title="bbox 176 1965 1272 2271">
     <span class='ocr_line' id='line_1_11' title="bbox 210 1965 1272 2033; baseline 0.001 -17"><span class='ocrx_word' id='word_1_68' title='bbox 210 1971 235 2016; x_wconf 90' lang='lat' dir='ltr'><strong>t.</strong></span> <span class='ocrx_word' id='word_1_69' title='bbox 253 1967 328 2020; x_wconf 78' lang='lat' dir='ltr'><strong>Quod</strong></span> <span class='ocrx_word' id='word_1_70' title='bbox 348 1965 646 2018; x_wconf 77' lang='lat' dir='ltr'><strong>Clrllohteedmmouiur</strong></span> <span class='ocrx_word' id='word_1_71' title='bbox 663 1966 796 2018; x_wconf 76' lang='lat' dir='ltr'><strong>concilium</strong></span> <span class='ocrx_word' id='word_1_72' title='bbox 816 1979 912 2030; x_wconf 83' lang='lat' dir='ltr'><strong>unoepr</strong></span> <span class='ocrx_word' id='word_1_73' title='bbox 932 1980 979 2030; x_wconf 90' lang='lat' dir='ltr'><strong>pro</strong></span> <span class='ocrx_word' id='word_1_74' title='bbox 998 1966 1083 2016; x_wconf 81' lang='lat' dir='ltr'><strong>eulnte</strong></span> <span class='ocrx_word' id='word_1_75' title='bbox 1102 1965 1272 2033; x_wconf 76' lang='lat' dir='ltr'><strong>amicicepit3</strong></span> 
     </span>
     <span class='ocr_line' id='line_1_12' title="bbox 178 2043 1272 2112; baseline -0.001 -14"><span class='ocrx_word' id='word_1_76' title='bbox 178 2047 300 2112; x_wconf 81' lang='lat' dir='ltr'><strong>quodque</strong></span> <span class='ocrx_word' id='word_1_77' title='bbox 321 2053 363 2098; x_wconf 82' lang='lat' dir='ltr'><strong>ert</strong></span> <span class='ocrx_word' id='word_1_78' title='bbox 378 2047 567 2110; x_wconf 86' lang='lat' dir='ltr'><strong>circumrpeote</strong></span> <span class='ocrx_word' id='word_1_79' title='bbox 579 2054 607 2096; x_wconf 89' lang='lat' dir='ltr'><strong>et</strong></span> <span class='ocrx_word' id='word_1_80' title='bbox 618 2046 693 2096; x_wconf 77' lang='lat' dir='ltr'><strong>ruric</strong></span> <span class='ocrx_word' id='word_1_81' title='bbox 704 2045 929 2102; x_wconf 83' lang='lat' dir='ltr'><strong>coneiderrudum,</strong></span> <span class='ocrx_word' id='word_1_82' title='bbox 941 2059 974 2094; x_wconf 84' lang='lat' dir='ltr'><strong>tu</strong></span> <span class='ocrx_word' id='word_1_83' title='bbox 985 2059 1033 2109; x_wconf 86' lang='lat' dir='ltr'><strong>pro</strong></span> <span class='ocrx_word' id='word_1_84' title='bbox 1045 2043 1201 2096; x_wconf 82' lang='lat' dir='ltr'><strong>utilitrtihur</strong></span> <span class='ocrx_word' id='word_1_85' title='bbox 1212 2047 1272 2096; x_wconf 79' lang='lat' dir='ltr'><strong>omi·</strong></span> 
     </span>
     <span class='ocr_line' id='line_1_13' title="bbox 177 2123 1272 2189; baseline 0 -13"><span class='ocrx_word' id='word_1_86' title='bbox 177 2141 266 2176; x_wconf 88' lang='lat' dir='ltr'><strong>corum</strong></span> <span class='ocrx_word' id='word_1_87' title='bbox 278 2125 479 2189; x_wconf 85' lang='lat' dir='ltr'><strong>delinquendum</strong></span> <span class='ocrx_word' id='word_1_88' title='bbox 491 2125 630 2189; x_wconf 83' lang='lat' dir='ltr'><strong>uliquundo</strong></span> <span class='ocrx_word' id='word_1_89' title='bbox 645 2127 692 2174; x_wconf 84' lang='lat' dir='ltr'><strong>rit:</strong></span> <span class='ocrx_word' id='word_1_90' title='bbox 711 2131 851 2188; x_wconf 75' lang='lat' dir='ltr'><strong>notatoque</strong></span> <span class='ocrx_word' id='word_1_91' title='bbox 868 2123 932 2172; x_wconf 86' lang='lat' dir='ltr'><strong>inihi</strong></span> <span class='ocrx_word' id='word_1_92' title='bbox 945 2131 973 2172; x_wconf 87' lang='lat' dir='ltr'><strong>et</strong></span> <span class='ocrx_word' id='word_1_93' title='bbox 992 2125 1142 2189; x_wconf 67' lang='lat' dir='ltr'><strong>relatuque</strong></span> <span class='ocrx_word' id='word_1_94' title='bbox 1154 2125 1272 2176; x_wconf 78' lang='lat' dir='ltr'><strong>et&#39;llreu·</strong></span> 
     </span>
     <span class='ocr_line' id='line_1_14' title="bbox 176 2201 846 2271; baseline -0.007 -15"><span class='ocrx_word' id='word_1_95' title='bbox 176 2207 301 2271; x_wconf 80' lang='lat' dir='ltr'><strong>phrurtur</strong></span> <span class='ocrx_word' id='word_1_96' title='bbox 308 2203 341 2254; x_wconf 75' lang='lat' dir='ltr'><strong>&#39;et</strong></span> <span class='ocrx_word' id='word_1_97' title='bbox 350 2205 390 2254; x_wconf 88' lang='lat' dir='ltr'><strong>ld.</strong></span> <span class='ocrx_word' id='word_1_98' title='bbox 401 2203 495 2254; x_wconf 82' lang='lat' dir='ltr'><strong>cicero</strong></span> <span class='ocrx_word' id='word_1_99' title='bbox 505 2216 585 2266; x_wconf 86' lang='lat' dir='ltr'><strong>tuper</strong></span> <span class='ocrx_word' id='word_1_100' title='bbox 595 2217 627 2252; x_wconf 83' lang='lat' dir='ltr'><strong>ee</strong></span> <span class='ocrx_word' id='word_1_101' title='bbox 638 2217 666 2252; x_wconf 92' lang='lat' dir='ltr'><strong>re</strong></span> <span class='ocrx_word' id='word_1_102' title='bbox 678 2201 846 2264; x_wconf 80' lang='lat' dir='ltr'><strong>ecrlpternut.</strong></span> 
     </span>
    </p>

    <p class='ocr_par' dir='ltr' id='par_1_7' title="bbox 177 2279 1271 2424">
     <span class='ocr_line' id='line_1_15' title="bbox 208 2279 1271 2345; baseline 0 -9"><span class='ocrx_word' id='word_1_103' title='bbox 208 2290 234 2336; x_wconf 88' lang='lat' dir='ltr'><strong>t.</strong></span> <span class='ocrx_word' id='word_1_104' title='bbox 252 2285 336 2337; x_wconf 81' lang='lat' dir='ltr'><strong>erttu</strong></span> <span class='ocrx_word' id='word_1_105' title='bbox 353 2283 465 2334; x_wconf 85' lang='lat' dir='ltr'><strong>tenuiter</strong></span> <span class='ocrx_word' id='word_1_106' title='bbox 483 2282 635 2345; x_wconf 85' lang='lat' dir='ltr'><strong>curloeeqoe</strong></span> <span class='ocrx_word' id='word_1_107' title='bbox 650 2280 826 2344; x_wconf 73' lang='lat' dir='ltr'><strong>exploraverit</strong></span> <span class='ocrx_word' id='word_1_108' title='bbox 841 2279 968 2332; x_wconf 77' lang='lat' dir='ltr'><strong>Antonine</strong></span> <span class='ocrx_word' id='word_1_109' title='bbox 979 2282 1097 2334; x_wconf 84' lang='lat' dir='ltr'><strong>Julituur</strong></span> <span class='ocrx_word' id='word_1_110' title='bbox 1117 2285 1143 2334; x_wconf 91' lang='lat' dir='ltr'><strong>in</strong></span> <span class='ocrx_word' id='word_1_111' title='bbox 1155 2286 1271 2339; x_wconf 87' lang='lat' dir='ltr'><strong>orttioue</strong></span> 
     </span>
     <span class='ocr_line' id='line_1_16' title="bbox 177 2361 720 2424; baseline -0.007 -8"><span class='ocrx_word' id='word_1_112' title='bbox 177 2367 217 2417; x_wconf 80' lang='lat' dir='ltr'><strong>hi.</strong></span> <span class='ocrx_word' id='word_1_113' title='bbox 226 2364 303 2415; x_wconf 80' lang='lat' dir='ltr'><strong>t&#39;ullll</strong></span> <span class='ocrx_word' id='word_1_114' title='bbox 311 2364 382 2414; x_wconf 88' lang='lat' dir='ltr'><strong>rerhi</strong></span> <span class='ocrx_word' id='word_1_115' title='bbox 394 2363 427 2413; x_wconf 84' lang='lat' dir='ltr'><strong>th</strong></span> <span class='ocrx_word' id='word_1_116' title='bbox 438 2377 470 2413; x_wconf 89' lang='lat' dir='ltr'><strong>eo</strong></span> <span class='ocrx_word' id='word_1_117' title='bbox 481 2362 573 2412; x_wconf 81' lang='lat' dir='ltr'><strong>mutuli</strong></span> <span class='ocrx_word' id='word_1_118' title='bbox 583 2361 720 2424; x_wconf 72' lang='lat' dir='ltr'><strong>argutiam.</strong></span> 
     </span>
    </p>

    <p class='ocr_par' dir='ltr' id='par_1_8' title="bbox 176 2443 1271 2753">
     <span class='ocr_line' id='line_1_17' title="bbox 207 2443 1270 2508; baseline 0.002 -13"><span class='ocrx_word' id='word_1_119' title='bbox 207 2451 234 2496; x_wconf 85' lang='lat' dir='ltr'><strong>t.</strong></span> <span class='ocrx_word' id='word_1_120' title='bbox 250 2445 327 2498; x_wconf 80' lang='lat' dir='ltr'><strong>Quod</strong></span> <span class='ocrx_word' id='word_1_121' title='bbox 340 2444 532 2496; x_wconf 81' lang='lat' dir='ltr'><strong>Demootheuet</strong></span> <span class='ocrx_word' id='word_1_122' title='bbox 542 2443 630 2495; x_wconf 87' lang='lat' dir='ltr'><strong>rhetor</strong></span> <span class='ocrx_word' id='word_1_123' title='bbox 640 2443 838 2505; x_wconf 83' lang='lat' dir='ltr'><strong>cultucorporie</strong></span> <span class='ocrx_word' id='word_1_124' title='bbox 848 2449 928 2508; x_wconf 81' lang='lat' dir='ltr'><strong>utque</strong></span> <span class='ocrx_word' id='word_1_125' title='bbox 944 2444 1039 2494; x_wconf 82' lang='lat' dir='ltr'><strong>vertitu</strong></span> <span class='ocrx_word' id='word_1_126' title='bbox 1052 2445 1153 2508; x_wconf 84' lang='lat' dir='ltr'><strong>probriu</strong></span> <span class='ocrx_word' id='word_1_127' title='bbox 1160 2447 1270 2497; x_wconf 85' lang='lat' dir='ltr'><strong>obnoxio</strong></span> 
     </span>
     <span class='ocr_line' id='line_1_18' title="bbox 177 2521 1269 2592; baseline -0.003 -16"><span class='ocrx_word' id='word_1_128' title='bbox 177 2523 319 2592; x_wconf 79' lang='lat' dir='ltr'><strong>infernique</strong></span> <span class='ocrx_word' id='word_1_129' title='bbox 340 2525 473 2578; x_wconf 81' lang='lat' dir='ltr'><strong>mundlclu</strong></span> <span class='ocrx_word' id='word_1_130' title='bbox 493 2523 562 2586; x_wconf 60' lang='lat' dir='ltr'><strong>futu</strong></span> <span class='ocrx_word' id='word_1_131' title='bbox 585 2523 706 2589; x_wconf 83' lang='lat' dir='ltr'><strong>qnodque</strong></span> <span class='ocrx_word' id='word_1_132' title='bbox 725 2523 788 2574; x_wconf 88' lang='lat' dir='ltr'><strong>item</strong></span> <span class='ocrx_word' id='word_1_133' title='bbox 807 2521 962 2574; x_wconf 82' lang='lat' dir='ltr'><strong>Hortenriur</strong></span> <span class='ocrx_word' id='word_1_134' title='bbox 981 2532 1069 2575; x_wconf 83' lang='lat' dir='ltr'><strong>uretur</strong></span> <span class='ocrx_word' id='word_1_135' title='bbox 1090 2525 1124 2573; x_wconf 90' lang='lat' dir='ltr'><strong>oh</strong></span> <span class='ocrx_word' id='word_1_136' title='bbox 1144 2526 1269 2588; x_wconf 75' lang='lat' dir='ltr'><strong>ejusmodi</strong></span> 
     </span>
     <span class='ocr_line' id='line_1_19' title="bbox 179 2603 1271 2672; baseline -0.001 -15"><span class='ocrx_word' id='word_1_137' title='bbox 179 2608 321 2658; x_wconf 72' lang='lat' dir='ltr'><strong>mundicias</strong></span> <span class='ocrx_word' id='word_1_138' title='bbox 332 2616 487 2672; x_wconf 66' lang='lat' dir='ltr'><strong>gestumque</strong></span> <span class='ocrx_word' id='word_1_139' title='bbox 506 2607 531 2656; x_wconf 92' lang='lat' dir='ltr'><strong>iu</strong></span> <span class='ocrx_word' id='word_1_140' title='bbox 544 2606 645 2670; x_wconf 70' lang='lat' dir='ltr'><strong>egendo</strong></span> <span class='ocrx_word' id='word_1_141' title='bbox 655 2603 834 2655; x_wconf 74' lang='lat' dir='ltr'><strong>histrionicum</strong></span> <span class='ocrx_word' id='word_1_142' title='bbox 852 2605 987 2668; x_wconf 82' lang='lat' dir='ltr'><strong>Diouyriae</strong></span> <span class='ocrx_word' id='word_1_143' title='bbox 999 2604 1167 2654; x_wconf 78' lang='lat' dir='ltr'><strong>reltutriculm</strong></span> <span class='ocrx_word' id='word_1_144' title='bbox 1179 2619 1271 2670; x_wconf 73' lang='lat' dir='ltr'><strong>coguo-</strong></span> 
     </span>
     <span class='ocr_line' id='line_1_20' title="bbox 176 2689 503 2753; baseline 0 -15"><span class='ocrx_word' id='word_1_145' title='bbox 176 2695 264 2740; x_wconf 88' lang='lat' dir='ltr'><strong>meuto</strong></span> <span class='ocrx_word' id='word_1_146' title='bbox 275 2689 442 2753; x_wconf 80' lang='lat' dir='ltr'><strong>compelletur</strong></span> <span class='ocrx_word' id='word_1_147' title='bbox 454 2693 503 2738; x_wconf 78' lang='lat' dir='ltr'><strong>ert.</strong></span> 
     </span>
    </p>

    <p class='ocr_par' dir='ltr' id='par_1_9' title="bbox 179 2761 1270 2991">
     <span class='ocr_line' id='line_1_21' title="bbox 209 2761 1270 2832; baseline 0 -16"><span class='ocrx_word' id='word_1_148' title='bbox 209 2771 236 2816; x_wconf 75' lang='lat' dir='ltr'><strong>o.</strong></span> <span class='ocrx_word' id='word_1_149' title='bbox 251 2766 377 2816; x_wconf 77' lang='lat' dir='ltr'><strong>vechner</strong></span> <span class='ocrx_word' id='word_1_150' title='bbox 387 2767 505 2818; x_wconf 73' lang='lat' dir='ltr'><strong>oratioue</strong></span> <span class='ocrx_word' id='word_1_151' title='bbox 513 2765 617 2816; x_wconf 81' lang='lat' dir='ltr'><strong>Metelli</strong></span> <span class='ocrx_word' id='word_1_152' title='bbox 627 2761 770 2825; x_wconf 82' lang='lat' dir='ltr'><strong>Numidici,</strong></span> <span class='ocrx_word' id='word_1_153' title='bbox 780 2777 856 2828; x_wconf 82' lang='lat' dir='ltr'><strong>quum</strong></span> <span class='ocrx_word' id='word_1_154' title='bbox 867 2763 934 2812; x_wconf 82' lang='lat' dir='ltr'><strong>dixit</strong></span> <span class='ocrx_word' id='word_1_155' title='bbox 942 2763 968 2812; x_wconf 88' lang='lat' dir='ltr'><strong>iu</strong></span> <span class='ocrx_word' id='word_1_156' title='bbox 977 2779 1086 2816; x_wconf 84' lang='lat' dir='ltr'><strong>ceneurt</strong></span> <span class='ocrx_word' id='word_1_157' title='bbox 1094 2764 1127 2816; x_wconf 82' lang='lat' dir='ltr'><strong>ed</strong></span> <span class='ocrx_word' id='word_1_158' title='bbox 1139 2767 1270 2832; x_wconf 85' lang='lat' dir='ltr'><strong>populum,</strong></span> 
     </span>
     <span class='ocr_line' id='line_1_22' title="bbox 179 2843 1269 2910; baseline 0.003 -14"><span class='ocrx_word' id='word_1_159' title='bbox 179 2859 238 2896; x_wconf 89' lang='lat' dir='ltr'><strong>eum</strong></span> <span class='ocrx_word' id='word_1_160' title='bbox 256 2858 315 2895; x_wconf 86' lang='lat' dir='ltr'><strong>eum</strong></span> <span class='ocrx_word' id='word_1_161' title='bbox 331 2845 364 2894; x_wconf 86' lang='lat' dir='ltr'><strong>td</strong></span> <span class='ocrx_word' id='word_1_162' title='bbox 375 2859 467 2896; x_wconf 80' lang='lat' dir='ltr'><strong>uxoreo</strong></span> <span class='ocrx_word' id='word_1_163' title='bbox 484 2844 614 2896; x_wconf 81' lang='lat' dir='ltr'><strong>duceudu</strong></span> <span class='ocrx_word' id='word_1_164' title='bbox 632 2843 830 2903; x_wconf 81' lang='lat' dir='ltr'><strong>edhorttretur;</strong></span> <span class='ocrx_word' id='word_1_165' title='bbox 848 2857 929 2908; x_wconf 82' lang='lat' dir='ltr'><strong>euque</strong></span> <span class='ocrx_word' id='word_1_166' title='bbox 939 2844 1022 2894; x_wconf 84' lang='lat' dir='ltr'><strong>orotio</strong></span> <span class='ocrx_word' id='word_1_167' title='bbox 1034 2859 1111 2910; x_wconf 82' lang='lat' dir='ltr'><strong>quum</strong></span> <span class='ocrx_word' id='word_1_168' title='bbox 1120 2847 1154 2896; x_wconf 93' lang='lat' dir='ltr'><strong>oh</strong></span> <span class='ocrx_word' id='word_1_169' title='bbox 1166 2862 1269 2899; x_wconf 78' lang='lat' dir='ltr'><strong>crurum</strong></span> 
     </span>
     <span class='ocr_line' id='line_1_23' title="bbox 179 2921 884 2991; baseline -0.003 -15"><span class='ocrx_word' id='word_1_170' title='bbox 179 2923 344 2990; x_wconf 84' lang='lat' dir='ltr'><strong>repreheorr,</strong></span> <span class='ocrx_word' id='word_1_171' title='bbox 353 2930 465 2991; x_wconf 87' lang='lat' dir='ltr'><strong>etque</strong></span> <span class='ocrx_word' id='word_1_172' title='bbox 475 2932 566 2976; x_wconf 82' lang='lat' dir='ltr'><strong>coutrr</strong></span> <span class='ocrx_word' id='word_1_173' title='bbox 574 2925 601 2976; x_wconf 85' lang='lat' dir='ltr'><strong>in</strong></span> <span class='ocrx_word' id='word_1_174' title='bbox 609 2924 710 2976; x_wconf 80' lang='lat' dir='ltr'><strong>modum</strong></span> <span class='ocrx_word' id='word_1_175' title='bbox 723 2921 830 2974; x_wconf 80' lang='lat' dir='ltr'><strong>deiectu</strong></span> <span class='ocrx_word' id='word_1_176' title='bbox 841 2924 884 2974; x_wconf 87' lang='lat' dir='ltr'><strong>rit.</strong></span> 
     </span>
    </p>

    <p class='ocr_par' dir='ltr' id='par_1_10' title="bbox 178 3003 1268 3458">
     <span class='ocr_line' id='line_1_24' title="bbox 211 3003 1267 3070; baseline 0.007 -15"><span class='ocrx_word' id='word_1_177' title='bbox 211 3009 236 3055; x_wconf 85' lang='lat' dir='ltr'><strong>l.</strong></span> <span class='ocrx_word' id='word_1_178' title='bbox 255 3005 285 3054; x_wconf 90' lang='lat' dir='ltr'><strong>ln</strong></span> <span class='ocrx_word' id='word_1_179' title='bbox 302 3004 373 3055; x_wconf 83' lang='lat' dir='ltr'><strong>hiere</strong></span> <span class='ocrx_word' id='word_1_180' title='bbox 385 3005 469 3056; x_wconf 86' lang='lat' dir='ltr'><strong>rerhlr</strong></span> <span class='ocrx_word' id='word_1_181' title='bbox 487 3005 619 3055; x_wconf 71' lang='lat' dir='ltr'><strong>Ciceroni·</strong></span> <span class='ocrx_word' id='word_1_182' title='bbox 631 3019 665 3056; x_wconf 83' lang='lat' dir='ltr'><strong>ex</strong></span> <span class='ocrx_word' id='word_1_183' title='bbox 686 3003 804 3054; x_wconf 74' lang='lat' dir='ltr'><strong>oratione</strong></span> <span class='ocrx_word' id='word_1_184' title='bbox 821 3003 953 3069; x_wconf 75' lang='lat' dir='ltr'><strong>quintolo</strong></span> <span class='ocrx_word' id='word_1_185' title='bbox 970 3004 1089 3070; x_wconf 84' lang='lat' dir='ltr'><strong>Verrem,</strong></span> <span class='ocrx_word' id='word_1_186' title='bbox 1107 3007 1200 3060; x_wconf 81' lang='lat' dir='ltr'><strong>‘Herc</strong></span> <span class='ocrx_word' id='word_1_187' title='bbox 1216 3009 1267 3062; x_wconf 86' lang='lat' dir='ltr'><strong>eihi</strong></span> 
     </span>
     <span class='ocr_line' id='line_1_25' title="bbox 178 3083 1268 3151; baseline 0.001 -13"><span class='ocrx_word' id='word_1_188' title='bbox 178 3099 233 3138; x_wconf 82' lang='lat' dir='ltr'><strong>retu</strong></span> <span class='ocrx_word' id='word_1_189' title='bbox 244 3085 365 3150; x_wconf 68' lang='lat' dir='ltr'><strong>pretidio</strong></span> <span class='ocrx_word' id='word_1_190' title='bbox 383 3092 489 3148; x_wconf 81' lang='lat' dir='ltr'><strong>uprreut</strong></span> <span class='ocrx_word' id='word_1_191' title='bbox 507 3084 641 3148; x_wconf 77' lang='lat' dir='ltr'><strong>futurum,’</strong></span> <span class='ocrx_word' id='word_1_192' title='bbox 653 3099 737 3151; x_wconf 84' lang='lat' dir='ltr'><strong>neque</strong></span> <span class='ocrx_word' id='word_1_193' title='bbox 749 3083 865 3134; x_wconf 78' lang='lat' dir='ltr'><strong>neudum</strong></span> <span class='ocrx_word' id='word_1_194' title='bbox 877 3098 936 3134; x_wconf 84' lang='lat' dir='ltr'><strong>erre</strong></span> <span class='ocrx_word' id='word_1_195' title='bbox 952 3098 1036 3151; x_wconf 87' lang='lat' dir='ltr'><strong>neque</strong></span> <span class='ocrx_word' id='word_1_196' title='bbox 1047 3087 1150 3150; x_wconf 82' lang='lat' dir='ltr'><strong>ritinm3</strong></span> <span class='ocrx_word' id='word_1_197' title='bbox 1168 3103 1268 3139; x_wconf 76' lang='lat' dir='ltr'><strong>errore·</strong></span> 
     </span>
     <span class='ocr_line' id='line_1_26' title="bbox 181 3163 1268 3231; baseline 0.003 -18"><span class='ocrx_word' id='word_1_198' title='bbox 181 3177 231 3226; x_wconf 81' lang='lat' dir='ltr'><strong>que</strong></span> <span class='ocrx_word' id='word_1_199' title='bbox 242 3165 316 3226; x_wconf 84' lang='lat' dir='ltr'><strong>intur,</strong></span> <span class='ocrx_word' id='word_1_200' title='bbox 326 3165 369 3228; x_wconf 83' lang='lat' dir='ltr'><strong>qul</strong></span> <span class='ocrx_word' id='word_1_201' title='bbox 384 3165 465 3216; x_wconf 85' lang='lat' dir='ltr'><strong>honor</strong></span> <span class='ocrx_word' id='word_1_202' title='bbox 477 3166 574 3216; x_wconf 84' lang='lat' dir='ltr'><strong>violent</strong></span> <span class='ocrx_word' id='word_1_203' title='bbox 591 3165 679 3224; x_wconf 82' lang='lat' dir='ltr'><strong>libror,</strong></span> <span class='ocrx_word' id='word_1_204' title='bbox 688 3163 834 3224; x_wconf 78' lang='lat' dir='ltr'><strong>etsetrrrorr</strong></span> <span class='ocrx_word' id='word_1_205' title='bbox 843 3163 977 3214; x_wconf 79' lang='lat' dir='ltr'><strong>rcrihuute</strong></span> <span class='ocrx_word' id='word_1_206' title='bbox 995 3173 1073 3231; x_wconf 82' lang='lat' dir='ltr'><strong>utque</strong></span> <span class='ocrx_word' id='word_1_207' title='bbox 1084 3168 1148 3216; x_wconf 90' lang='lat' dir='ltr'><strong>luihi</strong></span> <span class='ocrx_word' id='word_1_208' title='bbox 1160 3168 1193 3216; x_wconf 91' lang='lat' dir='ltr'><strong>de</strong></span> <span class='ocrx_word' id='word_1_209' title='bbox 1204 3182 1268 3231; x_wconf 87' lang='lat' dir='ltr'><strong>quo·</strong></span> 
     </span>
     <span class='ocr_line' id='line_1_27' title="bbox 179 3242 1266 3312; baseline 0.002 -20"><span class='ocrx_word' id='word_1_210' title='bbox 179 3242 299 3294; x_wconf 73' lang='lat' dir='ltr'><strong>dmuelio</strong></span> <span class='ocrx_word' id='word_1_211' title='bbox 308 3244 439 3294; x_wconf 74' lang='lat' dir='ltr'><strong>cicercula</strong></span> <span class='ocrx_word' id='word_1_212' title='bbox 455 3245 536 3296; x_wconf 81' lang='lat' dir='ltr'><strong>verbo</strong></span> <span class='ocrx_word' id='word_1_213' title='bbox 547 3244 655 3308; x_wconf 84' lang='lat' dir='ltr'><strong>dictum,</strong></span> <span class='ocrx_word' id='word_1_214' title='bbox 672 3245 741 3309; x_wconf 83' lang='lat' dir='ltr'><strong>quod</strong></span> <span class='ocrx_word' id='word_1_215' title='bbox 761 3243 841 3308; x_wconf 89' lang='lat' dir='ltr'><strong>probe</strong></span> <span class='ocrx_word' id='word_1_216' title='bbox 853 3245 977 3307; x_wconf 73' lang='lat' dir='ltr'><strong>scriptum</strong></span> <span class='ocrx_word' id='word_1_217' title='bbox 988 3259 1124 3312; x_wconf 83' lang='lat' dir='ltr'><strong>perpertrn</strong></span> <span class='ocrx_word' id='word_1_218' title='bbox 1135 3253 1266 3294; x_wconf 84' lang='lat' dir='ltr'><strong>mutetur:</strong></span> 
     </span>
     <span class='ocr_line' id='line_1_28' title="bbox 180 3323 1268 3392; baseline 0 -18"><span class='ocrx_word' id='word_1_219' title='bbox 180 3331 209 3374; x_wconf 86' lang='lat' dir='ltr'><strong>et</strong></span> <span class='ocrx_word' id='word_1_220' title='bbox 225 3336 331 3388; x_wconf 79' lang='lat' dir='ltr'><strong>reperte</strong></span> <span class='ocrx_word' id='word_1_221' title='bbox 342 3337 425 3387; x_wconf 85' lang='lat' dir='ltr'><strong>peuce</strong></span> <span class='ocrx_word' id='word_1_222' title='bbox 436 3323 469 3374; x_wconf 89' lang='lat' dir='ltr'><strong>de</strong></span> <span class='ocrx_word' id='word_1_223' title='bbox 486 3325 594 3376; x_wconf 85' lang='lat' dir='ltr'><strong>modulir</strong></span> <span class='ocrx_word' id='word_1_224' title='bbox 604 3327 767 3392; x_wconf 75' lang='lat' dir='ltr'><strong>numerisque</strong></span> <span class='ocrx_word' id='word_1_225' title='bbox 779 3324 910 3388; x_wconf 81' lang='lat' dir='ltr'><strong>orutioolr,</strong></span> <span class='ocrx_word' id='word_1_226' title='bbox 921 3339 983 3390; x_wconf 87' lang='lat' dir='ltr'><strong>quor</strong></span> <span class='ocrx_word' id='word_1_227' title='bbox 994 3327 1086 3378; x_wconf 87' lang='lat' dir='ltr'><strong>Cicero</strong></span> <span class='ocrx_word' id='word_1_228' title='bbox 1098 3323 1173 3375; x_wconf 84' lang='lat' dir='ltr'><strong>eride</strong></span> <span class='ocrx_word' id='word_1_229' title='bbox 1186 3331 1268 3374; x_wconf 83' lang='lat' dir='ltr'><strong>recte·</strong></span> 
     </span>
     <span class='ocr_line' id='line_1_29' title="bbox 178 3411 282 3458; baseline -0.029 0"><span class='ocrx_word' id='word_1_230' title='bbox 178 3413 221 3458; x_wconf 82' lang='lat' dir='ltr'><strong>tur</strong></span> <span class='ocrx_word' id='word_1_231' title='bbox 233 3411 282 3456; x_wconf 86' lang='lat' dir='ltr'><strong>ert.</strong></span> 
     </span>
    </p>

    <p class='ocr_par' dir='ltr' id='par_1_11' title="bbox 176 3481 1269 3618">
     <span class='ocr_line' id='line_1_30' title="bbox 207 3481 1269 3552; baseline 0 -18"><span class='ocrx_word' id='word_1_232' title='bbox 207 3489 233 3537; x_wconf 83' lang='lat' dir='ltr'><strong>tl.</strong></span> <span class='ocrx_word' id='word_1_233' title='bbox 252 3483 370 3537; x_wconf 80' lang='lat' dir='ltr'><strong>llirtoriu</strong></span> <span class='ocrx_word' id='word_1_234' title='bbox 388 3485 415 3534; x_wconf 88' lang='lat' dir='ltr'><strong>iu</strong></span> <span class='ocrx_word' id='word_1_235' title='bbox 431 3483 502 3535; x_wconf 89' lang='lat' dir='ltr'><strong>llhrir</strong></span> <span class='ocrx_word' id='word_1_236' title='bbox 514 3485 625 3536; x_wconf 81' lang='lat' dir='ltr'><strong>Sotlouie</strong></span> <span class='ocrx_word' id='word_1_237' title='bbox 640 3487 782 3552; x_wconf 68' lang='lat' dir='ltr'><strong>philosophi</strong></span> <span class='ocrx_word' id='word_1_238' title='bbox 794 3493 901 3552; x_wconf 81' lang='lat' dir='ltr'><strong>repertu</strong></span> <span class='ocrx_word' id='word_1_239' title='bbox 912 3499 991 3552; x_wconf 77' lang='lat' dir='ltr'><strong>nuper</strong></span> <span class='ocrx_word' id='word_1_240' title='bbox 1002 3484 1085 3538; x_wconf 72' lang='lat' dir='ltr'><strong>Laide</strong></span> <span class='ocrx_word' id='word_1_241' title='bbox 1094 3481 1229 3534; x_wconf 81' lang='lat' dir='ltr'><strong>meretrice</strong></span> <span class='ocrx_word' id='word_1_242' title='bbox 1240 3491 1269 3534; x_wconf 91' lang='lat' dir='ltr'><strong>et</strong></span> 
     </span>
     <span class='ocr_line' id='line_1_31' title="bbox 176 3565 477 3618; baseline -0.01 0"><span class='ocrx_word' id='word_1_243' title='bbox 176 3567 351 3618; x_wconf 83' lang='lat' dir='ltr'><strong>Demortheue</strong></span> <span class='ocrx_word' id='word_1_244' title='bbox 363 3565 477 3616; x_wconf 87' lang='lat' dir='ltr'><strong>rhetore.</strong></span> 
     </span>
    </p>

    <p class='ocr_par' dir='ltr' id='par_1_12' title="bbox 179 3643 1269 3953">
     <span class='ocr_line' id='line_1_32' title="bbox 205 3643 1266 3711; baseline -0.004 -15"><span class='ocrx_word' id='word_1_245' title='bbox 205 3651 230 3698; x_wconf 73' lang='lat'><strong>⁹.</strong></span> <span class='ocrx_word' id='word_1_246' title='bbox 248 3648 300 3700; x_wconf 81' lang='lat' dir='ltr'><strong>ttul</strong></span> <span class='ocrx_word' id='word_1_247' title='bbox 321 3647 412 3698; x_wconf 80' lang='lat' dir='ltr'><strong>modun</strong></span> <span class='ocrx_word' id='word_1_248' title='bbox 431 3645 520 3704; x_wconf 83' lang='lat' dir='ltr'><strong>fuerit,</strong></span> <span class='ocrx_word' id='word_1_249' title='bbox 541 3646 599 3711; x_wconf 85' lang='lat' dir='ltr'><strong>qulo</strong></span> <span class='ocrx_word' id='word_1_250' title='bbox 616 3645 680 3696; x_wconf 91' lang='lat' dir='ltr'><strong>ordo</strong></span> <span class='ocrx_word' id='word_1_251' title='bbox 700 3646 845 3711; x_wconf 83' lang='lat' dir='ltr'><strong>dirclpliure</strong></span> <span class='ocrx_word' id='word_1_252' title='bbox 867 3643 1066 3710; x_wconf 61' lang='lat' dir='ltr'><strong>Pythoporicm</strong></span> <span class='ocrx_word' id='word_1_253' title='bbox 1093 3645 1266 3704; x_wconf 71' lang='lat' dir='ltr'><strong>quantumque</strong></span> 
     </span>
     <span class='ocr_line' id='line_1_33' title="bbox 180 3719 1101 3792; baseline -0.01 -16"><span class='ocrx_word' id='word_1_254' title='bbox 180 3729 300 3792; x_wconf 79' lang='lat' dir='ltr'><strong>temporie</strong></span> <span class='ocrx_word' id='word_1_255' title='bbox 311 3727 465 3792; x_wconf 72' lang='lat' dir='ltr'><strong>imperaturo</strong></span> <span class='ocrx_word' id='word_1_256' title='bbox 475 3725 691 3792; x_wconf 85' lang='lat' dir='ltr'><strong>ohrerrttumque</strong></span> <span class='ocrx_word' id='word_1_257' title='bbox 701 3728 735 3776; x_wconf 84' lang='lat' dir='ltr'><strong>rit</strong></span> <span class='ocrx_word' id='word_1_258' title='bbox 745 3725 849 3777; x_wconf 78' lang='lat' dir='ltr'><strong>dicendi</strong></span> <span class='ocrx_word' id='word_1_259' title='bbox 858 3725 933 3774; x_wconf 87' lang='lat' dir='ltr'><strong>rirnul</strong></span> <span class='ocrx_word' id='word_1_260' title='bbox 944 3737 974 3772; x_wconf 82' lang='lat' dir='ltr'><strong>ec</strong></span> <span class='ocrx_word' id='word_1_261' title='bbox 987 3719 1101 3771; x_wconf 81' lang='lat' dir='ltr'><strong>terendi.</strong></span> 
     </span>
     <span class='ocr_line' id='line_1_34' title="bbox 184 3798 1269 3873; baseline -0.006 -17"><span class='ocrx_word' id='word_1_262' title='bbox 184 3815 192 3838; x_wconf 73' lang='lat'>⁸</span> <span class='ocrx_word' id='word_1_263' title='bbox 213 3809 253 3856; x_wconf 89' lang='lat' dir='ltr'><strong>to.</strong></span> <span class='ocrx_word' id='word_1_264' title='bbox 268 3807 369 3860; x_wconf 79' lang='lat' dir='ltr'><strong>Qulbnr</strong></span> <span class='ocrx_word' id='word_1_265' title='bbox 391 3807 478 3858; x_wconf 89' lang='lat' dir='ltr'><strong>rerbir</strong></span> <span class='ocrx_word' id='word_1_266' title='bbox 498 3809 694 3873; x_wconf 71' lang='lat' dir='ltr'><strong>compellaverit</strong></span> <span class='ocrx_word' id='word_1_267' title='bbox 714 3806 856 3858; x_wconf 82' lang='lat' dir='ltr'><strong>Furoriuuo</strong></span> <span class='ocrx_word' id='word_1_268' title='bbox 885 3801 1053 3866; x_wconf 84' lang='lat' dir='ltr'><strong>philorophur</strong></span> <span class='ocrx_word' id='word_1_269' title='bbox 1075 3798 1269 3850; x_wconf 83' lang='lat' dir='ltr'><strong>rdoleecentem</strong></span> 
     </span>
     <span class='ocr_line' id='line_1_35' title="bbox 179 3887 639 3953; baseline 0.007 -18"><span class='ocrx_word' id='word_1_270' title='bbox 179 3898 254 3936; x_wconf 79' lang='lat' dir='ltr'><strong>curce</strong></span> <span class='ocrx_word' id='word_1_271' title='bbox 264 3887 338 3936; x_wconf 82' lang='lat' dir='ltr'><strong>nimir</strong></span> <span class='ocrx_word' id='word_1_272' title='bbox 348 3895 375 3937; x_wconf 91' lang='lat' dir='ltr'><strong>et</strong></span> <span class='ocrx_word' id='word_1_273' title='bbox 385 3888 470 3951; x_wconf 75' lang='lat' dir='ltr'><strong>prisce</strong></span> <span class='ocrx_word' id='word_1_274' title='bbox 478 3887 639 3953; x_wconf 78' lang='lat' dir='ltr'><strong>loquentem.</strong></span> 
     </span>
    </p>

    <p class='ocr_par' dir='ltr' id='par_1_13' title="bbox 178 3957 1269 4110">
     <span class='ocr_line' id='line_1_36' title="bbox 210 3957 1269 4032; baseline -0.003 -19"><span class='ocrx_word' id='word_1_275' title='bbox 210 3967 253 4014; x_wconf 85' lang='lat' dir='ltr'><strong>tl.</strong></span> <span class='ocrx_word' id='word_1_276' title='bbox 267 3967 342 4018; x_wconf 75' lang='lat' dir='ltr'><strong>Quod</strong></span> <span class='ocrx_word' id='word_1_277' title='bbox 352 3967 642 4030; x_wconf 72' lang='lat' dir='ltr'><strong>ttrncyeldertrlrtorte</strong></span> <span class='ocrx_word' id='word_1_278' title='bbox 653 3963 883 4032; x_wconf 75' lang='lat' dir='ltr'><strong>rcriptorluelytue</strong></span> <span class='ocrx_word' id='word_1_279' title='bbox 895 3957 1104 4010; x_wconf 70' lang='lat' dir='ltr'><strong>lacedemonios</strong></span> <span class='ocrx_word' id='word_1_280' title='bbox 1115 3958 1141 4008; x_wconf 88' lang='lat' dir='ltr'><strong>lu</strong></span> <span class='ocrx_word' id='word_1_281' title='bbox 1151 3959 1207 4010; x_wconf 83' lang='lat' dir='ltr'><strong>trie</strong></span> <span class='ocrx_word' id='word_1_282' title='bbox 1218 3973 1269 4010; x_wconf 87' lang='lat' dir='ltr'><strong>nou</strong></span> 
     </span>
     <span class='ocr_line' id='line_1_37' title="bbox 178 4038 1268 4110; baseline -0.007 -14"><span class='ocrx_word' id='word_1_283' title='bbox 178 4043 252 4108; x_wconf 80' lang='lat' dir='ltr'><strong>tuor,</strong></span> <span class='ocrx_word' id='word_1_284' title='bbox 263 4045 310 4095; x_wconf 89' lang='lat' dir='ltr'><strong>ted</strong></span> <span class='ocrx_word' id='word_1_285' title='bbox 320 4040 392 4098; x_wconf 77' lang='lat' dir='ltr'><strong>uelli</strong></span> <span class='ocrx_word' id='word_1_286' title='bbox 400 4062 458 4098; x_wconf 84' lang='lat' dir='ltr'><strong>erue</strong></span> <span class='ocrx_word' id='word_1_287' title='bbox 469 4061 528 4097; x_wconf 84' lang='lat' dir='ltr'><strong>uror</strong></span> <span class='ocrx_word' id='word_1_288' title='bbox 539 4048 604 4098; x_wconf 89' lang='lat' dir='ltr'><strong>dicit</strong></span> <span class='ocrx_word' id='word_1_289' title='bbox 616 4064 625 4106; x_wconf 69' lang='grc' dir='ltr'><strong>ς</strong></span> <span class='ocrx_word' id='word_1_290' title='bbox 642 4045 772 4110; x_wconf 84' lang='lat' dir='ltr'><strong>rerhrqne</strong></span> <span class='ocrx_word' id='word_1_291' title='bbox 783 4043 838 4106; x_wconf 81' lang='lat' dir='ltr'><strong>ejut</strong></span> <span class='ocrx_word' id='word_1_292' title='bbox 849 4053 926 4104; x_wconf 88' lang='lat' dir='ltr'><strong>ruper</strong></span> <span class='ocrx_word' id='word_1_293' title='bbox 937 4051 969 4090; x_wconf 84' lang='lat' dir='ltr'><strong>et</strong></span> <span class='ocrx_word' id='word_1_294' title='bbox 990 4053 1018 4090; x_wconf 93' lang='lat' dir='ltr'><strong>re</strong></span> <span class='ocrx_word' id='word_1_295' title='bbox 1029 4038 1112 4103; x_wconf 84' lang='lat' dir='ltr'><strong>poritt</strong></span> <span class='ocrx_word' id='word_1_296' title='bbox 1124 4057 1131 4090; x_wconf 72' lang='grc' dir='ltr'><strong>ι</strong></span> <span class='ocrx_word' id='word_1_297' title='bbox 1148 4038 1268 4105; x_wconf 81' lang='lat' dir='ltr'><strong>quodque</strong></span> 
     </span>
    </p>

    <p class='ocr_par' dir='ltr' id='par_1_14' title="bbox 242 4119 1203 4188">
     <span class='ocr_line' id='line_1_38' title="bbox 242 4119 1203 4188; baseline -0.014 -8"><span class='ocrx_word' id='word_1_298' title='bbox 242 4123 333 4188; x_wconf 64' lang='lat' dir='ltr'><strong>Daiei.</strong></span> <span class='ocrx_word' id='word_1_299' title='bbox 343 4133 367 4178; x_wconf 83' lang='lat' dir='ltr'><strong>et</strong></span> <span class='ocrx_word' id='word_1_300' title='bbox 382 4127 440 4178; x_wconf 85' lang='lat' dir='ltr'><strong>l‘rr.</strong></span> <span class='ocrx_word' id='word_1_301' title='bbox 451 4127 516 4176; x_wconf 85' lang='lat' dir='ltr'><strong>ctnr.</strong></span> <span class='ocrx_word' id='word_1_302' title='bbox 678 4123 709 4172; x_wconf 83' lang='grc' dir='ltr'><strong>Δ.</strong></span> <span class='ocrx_word' id='word_1_303' title='bbox 722 4123 785 4172; x_wconf 81' lang='lat' dir='ltr'><strong>Geli.</strong></span> <span class='ocrx_word' id='word_1_304' title='bbox 1177 4119 1203 4167; x_wconf 90' lang='lat' dir='ltr'><strong>l)</strong></span> 
     </span>
    </p>
   </div>
   <div class='ocr_carea' id='block_1_5' title="bbox 0 0 1512 4724">
    <p class='ocr_par' dir='ltr' id='par_1_15' title="bbox 0 0 1512 4724">
     <span class='ocr_line' id='line_1_39' title="bbox 0 0 1512 4724; baseline 0 2"><span class='ocrx_word' id='word_1_305' title='bbox 0 0 1512 4724; x_wconf 95' lang='lat' dir='ltr'><strong> </strong></span> 
     </span>
    </p>
   </div>
  </div>
 </body>
</html>
