3014 4724
612 287 817 336 scansuro.
884 294 888 302 ·
1244 284 1266 346 b

212 432 256 498 Id
271 448 348 500 vero
367 435 417 499 ita
439 433 691 510 administravit,
714 439 750 496 nt
774 433 902 508 lateret,
921 433 1101 519 malletque
1125 435 1263 500 tacitum

170 535 292 612 lovere,
308 535 395 619 quod
408 536 499 600 intus
513 534 684 618 cogitabat
701 533 796 598 multi
811 535 953 618 posthac
968 542 1002 598 et
1016 537 1154 601 alterius
1168 537 1263 602 labo·

170 637 227 715 ris,
242 656 341 721 quam
362 639 398 702 in
418 637 591 722 publicum
613 635 730 701 efferre
753 643 787 698 et
803 636 847 700 ad
864 637 1018 718 pollicita
1032 639 1172 704 efflanda
1186 659 1262 723 pro-

163 739 291 822 jectum
316 760 354 806 se
380 745 557 817 ostentare,
588 758 664 822 quae
688 758 732 802 au
758 748 851 801 esset
876 739 1100 820 praestiturus,
1121 741 1261 807 necdum

167 842 266 906 etiam
290 843 325 906 in
347 861 411 906 sua
431 841 580 906 habebat
597 848 776 924 potestate.
822 839 946 923 Itaque
962 860 1038 904 cnm
1053 839 1151 903 fidem
1166 861 1261 906 snam

166 960 233 1008 uon
249 942 516 1027 interposuisset,
531 947 642 1006 tamen
657 943 730 1024 ipse
745 961 806 1005 seu
822 950 942 1025 sponte
962 961 1023 1005 sua
1037 942 1165 1024 aliquid
1180 943 1262 1008 ulte·

165 1045 236 1108 rins
250 1043 317 1108 boc
331 1043 501 1126 principio
516 1043 665 1125 agitavit,
680 1043 754 1106 sive
768 1044 926 1108 incensus
941 1051 976 1108 et
990 1043 1134 1108 adactus
1149 1045 1264 1108 snmu-

164 1145 210 1209 lis
227 1145 371 1209 aliorum
385 1144 532 1230 nequivit
545 1144 718 1222 abstinere,
733 1146 815 1228 quin
829 1145 920 1209 omni
936 1145 1027 1222 bora,
1042 1165 1110 1227 qua
1124 1149 1263 1228 poterat,

165 1245 236 1310 huc
251 1265 287 1310 se
301 1245 438 1310 referret.
481 1245 631 1330 Tempus
652 1246 719 1309 hoc
741 1265 817 1310 cum
832 1245 985 1311 inciderit
998 1249 1032 1310 in
1046 1247 1138 1312 illam
1152 1249 1264 1331 pueri-

165 1348 225 1414 tiae
246 1367 331 1413 meae
351 1357 491 1432 partem,
512 1349 637 1432 quain
659 1349 827 1432 Epistolis
842 1349 885 1412 ad
905 1348 1028 1412 Janum
1049 1348 1191 1414 Ulitium
1209 1369 1262 1414 me

164 1457 268 1516 vocat
282 1450 550 1514 contubernalem
565 1469 673 1526 suurn,
687 1458 721 1515 et
736 1449 795 1532 qui
812 1457 944 1514 centum
961 1449 1083 1514 latina
1098 1450 1264 1514 vocabula

162 1559 308 1618 tenerem
327 1570 417 1616 anno
438 1551 536 1616 1650.
558 1547 637 1614 Kal.
655 1552 754 1616 Mart.
773 1551 855 1615 nihil
878 1551 920 1614 de
943 1569 984 1615 eo
1008 1571 1149 1636 possum
1165 1551 1264 1616 edere

163 1653 352 1738 peculiare,
365 1661 404 1717 ut
417 1653 477 1736 qui
490 1653 640 1734 ignorem
655 1655 858 1730 universum,
873 1661 907 1717 et
919 1653 994 1718 ideo
1007 1657 1151 1720 sufficiet
1160 1654 1262 1739 proii-

161 1757 222 1820 teri
238 1755 323 1839 quid
337 1763 460 1838 postea
473 1755 650 1840 repererim
666 1756 763 1840 hujus
778 1757 908 1838 generis
923 1775 964 1820 ac
980 1756 1260 1840 deprehenderim,

162 1863 202 1921 nt
216 1857 296 1921 inde
310 1857 496 1940 colligatur.
542 1857 669 1922 Incidit
683 1861 772 1922 enim
787 1860 821 1922 in
836 1859 954 1922 oculos
976 1858 1130 1939 Epistola
1149 1856 1264 1922 Caroli

162 1955 346 2023 Annibalis
361 1959 511 2023 Fabrotti
525 1957 558 2023 8.
580 1959 662 2024 Kal.
679 1960 781 2050 Mart.
797 1959 894 2025 1652.
911 1959 1049 2040 scripta,
1065 1957 1154 2020 unde
1170 1957 1263 2022 istud

163 2059 256 2143 quod
273 2060 424 2142 sequitur
445 2061 616 2143 specimen
636 2063 803 2144 excerpsi.
825 2065 836 2096 ‘
847 2061 888 2124 ln
908 2057 992 2124 Auli
1009 2058 1114 2122 Gellii
1135 2057 1264 2122 Noctes

160 2161 249 2229 nihil
276 2160 433 2223 molirist
464 2161 768 2225 emendatissimum
797 2161 981 2224 editionem
1009 2159 1150 2224 nullisne
1165 2161 1264 2226 notis

159 2262 330 2328 illustrem
356 2257 500 2323 reddeat
521 2292 564 2308 -
585 2259 696 2324 Multa
721 2263 754 2324 in
780 2259 925 2324 Gellium
947 2260 1072 2325 dudum
1087 2262 1263 2329 observavi

162 2365 327 2447 spectatae
341 2360 422 2425 fidei
436 2360 532 2424 libris
548 2379 641 2424 usus.
686 2361 753 2426 Sed
775 2361 831 2424 his
854 2361 996 2425 nondum
1014 2382 1131 2427 manus
1146 2383 1262 2428 acces·

163 2465 210 2528 sit
223 2463 353 2540 ultima,
367 2467 401 2527 et
415 2461 550 2554 mallem
566 2461 778 2545 spicilegium
794 2467 922 2526 tantum
934 2484 955 2528 a
965 2471 1000 2527 tc
1009 2465 1263 2544 mibirelictum,

163 2583 268 2652 quam
282 2565 405 2630 uberes
420 2565 679 2630 commentarios
701 2565 871 2630 scribendi
892 2565 1120 2631 occasionem?
1165 2567 1264 2630 Simi-

162 2669 212 2734 lia
225 2668 359 2734 veuisse
374 2667 606 2733 animadverto
622 2667 665 2731 ab
679 2668 773 2746 aliis;
797 2665 856 2730 sed
875 2685 942 2730 non
962 2675 1017 2731 est
1036 2667 1118 2730 mibi
1133 2673 1264 2750 tempus

163 2769 340 2835 evolvendi
363 2771 509 2834 omnium
533 2773 569 2834 et
589 2755 817 2848 exscribendi,
839 2771 961 2854 quibus
978 2771 1111 2835 obruor.
1155 2769 1264 2854 Prop-

164 2877 259 2936 terea
272 2888 404 2953 scmper
423 2871 616 2936 admonitus
638 2873 764 2936 nullam
787 2872 900 2937 omisit
918 2872 1129 2938 occasionem
1153 2871 1263 2938 molti-

164 2971 313 3056 plicandi
336 2972 560 3052 instrumenti,
584 2992 654 3058 quo
674 2979 811 3038 ornatus
834 2971 928 3038 fateri
952 2979 1080 3055 posset,
1096 2973 1187 3056 quod
1203 2974 1261 3039 din

166 3077 315 3138 coxerat.
359 3072 450 3140 Hinc
475 3075 592 3140 nescio
607 3073 774 3158 quomodo
798 3080 858 3139 aut
879 3073 1012 3157 quando
1033 3093 1171 3159 compos
1189 3075 1262 3142 fac-

165 3179 221 3238 tus
234 3173 428 3239 collationis
452 3176 593 3241 duorum
616 3175 737 3258 Regias
757 3175 972 3240 bibliothecas
994 3175 1159 3254 codicum,
1175 3195 1261 3259 quos

165 3275 274 3340 instar
289 3275 436 3340 omnium
452 3295 528 3342 esse
542 3284 690 3354 noverat,
712 3275 767 3341 vel
790 3295 893 3359 quam
908 3276 1092 3341 Salmasius
1106 3277 1262 3340 institue·

164 3383 229 3454 rat,
245 3375 300 3442 vel
325 3393 428 3458 quam
451 3375 664 3455 Lambecius,
690 3383 725 3442 et
751 3379 801 3442 sic
826 3377 916 3442 velut
938 3377 1003 3441 fine
1023 3381 1177 3444 votorum
1190 3375 1262 3458 jam

163 3479 335 3544 srneusne
351 3476 551 3562 sicquidem
571 3476 665 3561 justa
685 3479 892 3561 supellectile
913 3480 1118 3544 succinctum
1137 3495 1175 3539 se
1195 3481 1262 3542 sta·

164 3589 274 3660 tuens,
299 3581 446 3665 opperiri
469 3580 671 3648 etiamtunc
692 3583 801 3647 vobrit
823 3583 892 3646 alia
916 3589 1082 3663 tempora.
1127 3577 1262 3642 Interim

166 3685 315 3752 accessit
330 3683 500 3748 beneficiis
515 3681 567 3752 Gl.
580 3683 779 3760 Schefferus,
795 3683 891 3765 cujus
906 3681 1095 3746 citationem
1111 3697 1185 3742 curn
1200 3678 1262 3741 ire-

166 3793 301 3871 qnenter
325 3785 513 3852 offensurus
535 3786 594 3865 sis,
618 3788 834 3854 occasionem
858 3781 930 3864 ejus
952 3779 1081 3845 codicis
1096 3779 1162 3842 huc
1177 3797 1262 3861 quo·

165 3907 232 3972 qne
245 3887 398 3954 advocati
414 3887 529 3952 discas
543 3887 634 3954 licet.
678 3887 734 3952 Ita
743 3885 832 3950 enim
844 3882 894 3945 illi
906 3880 1042 3960 scripsit
1057 3879 1158 3944 Pater
1172 3882 1259 3965 prid.

161 3987 221 4074 ,Id.
234 3985 385 4054 Februar.
403 4005 462 4055 cro
480 4005 540 4054 roo
559 4004 678 4052 nxvrr.
724 3985 860 4051 ‘Video
875 3983 910 4046 in
924 3979 1048 4045 Militia
1063 3982 1189 4050 Navali
1202 3993 1262 4050 tua

164 4099 198 4158 te
220 4089 419 4157 mentionem
441 4091 554 4155 lacere
581 4087 648 4152 Ms.
672 4087 775 4153 Gellii
805 4085 862 4150 tui.
908 4082 1000 4149 Huic
1021 4103 1081 4172 ego
1103 4087 1261 4165 scriptori
