3014 4724
236 249 280 317 14
614 263 743 312 sncorn
769 261 953 310 cnonovrr

237 413 291 478 vel
305 402 476 496 praecipue
499 409 625 476 dixeris
648 426 722 472 eam
746 407 883 472 minime
906 407 941 472 in
965 427 1094 474 summa
1121 409 1333 489 laudandam,

236 513 331 600 qnod
346 514 500 579 codicem
516 509 730 574 bibliothecae
757 508 877 591 Regiae
896 529 962 575 non
976 511 1077 575 modo
1092 513 1198 594 sequi,
1215 513 1275 578 sad
1290 531 1333 578 na

236 615 374 701 quidem
388 613 554 697 inspicere
569 611 775 689 sustinuerit,
798 609 887 674 unde
901 611 1139 678 Praefationem
1153 616 1271 681 maluit
1285 635 1336 681 re-

236 721 321 784 ferre
335 717 504 783 sordidam
520 733 564 779 ex
579 714 677 796 nugis
691 713 759 778 illis
785 713 954 778 consuetis
974 715 1126 792 aliorum,
1142 735 1243 799 quam
1258 735 1336 782 vere

238 821 438 886 Gallienam.
474 815 594 880 Noluit
607 815 760 899 accipere
774 815 819 878 ab
831 813 941 895 Regio
954 813 1066 880 Gellio
1079 814 1253 896 indicium,
1266 837 1334 902 quo

237 921 382 1007 posteris
407 918 544 984 tradidit
569 937 591 981 a
613 916 815 1000 quibusdam
841 917 989 1001 scriptos
1017 917 1119 982 libros
1142 920 1336 1003 appellatos

235 1024 342 1090 fuisse
362 1019 491 1106 Ἀνθηρᾶ,
506 1019 675 1105 Εὑρῆματα,
697 1015 839 1104 Λόχνους,
863 1021 1060 1104 Στρωματεῖς,
1079 1021 1235 1101 Ἑλικῶνα,
1259 1029 1336 1108 Προ-

237 1124 379 1208 βλήματα
392 1129 428 1189 et
441 1124 562 1189 similis
577 1122 753 1204 elegantia
773 1121 890 1186 titulos
911 1120 1011 1198 alios,
1025 1141 1167 1205 quorum
1183 1131 1337 1188 auctores

238 1229 353 1295 Gellio
368 1227 494 1312 priores
510 1225 693 1310 aliquando
706 1224 865 1306 colligere
879 1220 986 1289 voluit
1006 1223 1121 1302 Pater,
1137 1233 1238 1308 prout
1250 1243 1336 1308 quo-

239 1349 304 1414 que
317 1330 501 1414 Scioppius
526 1326 685 1392 nonnulla
705 1333 877 1391 auctorum
899 1325 1034 1390 nomina
1049 1327 1227 1411 ascripsit:
1260 1347 1336 1412 quae

238 1433 397 1517 quoniam
421 1427 534 1496 Gellio
555 1447 642 1493 nunc
669 1447 737 1492 non
761 1427 952 1511 proderant,
976 1429 1119 1510 neglexi.
1163 1429 1282 1496 Noluit
1295 1449 1336 1496 ea

239 1555 318 1620 quae
344 1534 476 1600 Gellius
500 1533 637 1599 vocavit
658 1533 772 1616 capita
794 1551 911 1610 rerum,
934 1551 974 1596 ac
998 1531 1198 1598 Praefationi
1223 1536 1336 1599 statim

167 1693 179 1704 .,
240 1637 396 1702 subnecti
421 1635 541 1712 voluit,
568 1635 760 1700 obedienter
782 1653 927 1712 servare,
951 1635 1010 1698 sed
1036 1635 1078 1700 ad
1103 1636 1201 1700 finem
1214 1635 1289 1700 libri
1304 1643 1338 1700 et

238 1739 352 1803 locum
366 1735 537 1804 indicibus
559 1737 762 1802 destinatum
784 1738 895 1804 retulit
918 1736 1032 1799 nescio
1048 1755 1116 1818 quo
1128 1741 1186 1800 aut
1199 1736 1266 1802 levi
1282 1744 1339 1802 aut

238 1840 352 1924 inepto
366 1844 554 1924 praetextu3
576 1858 683 1923 neque
697 1837 785 1902 enim
800 1841 978 1920 nugatoria
992 1835 1139 1903 indicum
1154 1838 1336 1904 multitudo

238 1943 358 2008 debuit
372 1941 556 2026 depravare
572 1939 677 2006 Gellii
699 1939 922 2024 propositum.
966 1937 1078 2008 Etiam
1102 1960 1180 2005 curn
1207 1940 1338 2006 Gellius

240 2044 371 2127 Regius
395 2043 496 2127 plene
518 2045 685 2127 exprimat
711 2041 973 2106 ‘Nonodecimo
999 2045 1239 2108 commentario
1265 2044 1337 2107 baec

239 2146 376 2224 insunt,'
403 2147 461 2210 illa
488 2165 534 2210 ex
563 2144 737 2228 Stephano
759 2143 877 2207 maluit
903 2143 1068 2227 adoptare
1099 2141 1337 2217 Undeoicesr'mo,

240 2248 419 2333 proutjam
442 2249 650 2331 praemiserat
667 2243 928 2310 Duodecimum.
972 2244 1138 2329 Equidem
1161 2247 1195 2310 in
1219 2246 1337 2312 codice

241 2369 340 2434 quem
356 2349 461 2414 Pater
473 2349 602 2417 indicat
616 2349 720 2416 literis
734 2345 802 2424 Me,
815 2348 894 2430 legit
913 2342 1142 2412 Undeetcerimo
1156 2359 1337 2412 commentu-

241 2449 290 2514 rr'o
307 2450 343 2514 in
369 2469 412 2515 eo
436 2471 534 2535 quem
558 2469 621 2515 nos
642 2450 806 2515 babemus
831 2463 930 2513 xvrr.
974 2448 1041 2514 Sed
1056 2468 1118 2532 pro
1134 2449 1250 2515 eodem
1267 2451 1337 2515 illic

242 2573 378 2639 qnoque
401 2551 633 2635 Lugdunensis
655 2551 762 2634 major
787 2545 1004 2629 Nonudeeimo,
1029 2557 1063 2616 et
1079 2552 1135 2615 nbi
1151 2558 1205 2617 est
1226 2561 1339 2618 noster

239 2673 325 2722 xvi.
340 2655 437 2738 plane
452 2653 555 2716 babet
573 2651 692 2714 Octavo
716 2649 830 2715 deamo
850 2672 955 2716 comm.
975 2654 1063 2719 siout
1083 2655 1182 2718 'ctiam
1198 2655 1337 2740 Regius.

241 2755 404 2823 Profecto
427 2753 544 2817 horum
570 2752 712 2816 duorum
736 2753 891 2818 codicnm
912 2757 1144 2821 auctoritatem
1166 2777 1230 2823 nec
1252 2779 1339 2844 prae·

240 2875 379 2942 gravare
404 2854 595 2938 Stephanus
626 2861 752 2939 potest,
776 2875 839 2921 nec
868 2877 1013 2942 aequare.
1059 2857 1160 2939 Haec,
1189 2861 1338 2946 inquam,

242 2958 394 3040 pigratos
418 2957 483 3024 suit
503 2976 692 3040 agnoscere,
719 2978 797 3024 curn
823 2959 971 3043 ineptias
995 2961 1159 3044 quasdam
1190 2964 1339 3048 adoptet,

241 3059 357 3123 nascio
371 3077 414 3123 au
429 3059 565 3124 nolanis
589 3061 764 3126 calumniis
788 3061 901 3145 Rapb.
925 3061 1077 3128 Fabretti
1097 3083 1211 3128 aurem
1227 3067 1289 3132 bac
1306 3065 1339 3128 in

242 3167 339 3246 parta
361 3162 530 3245 praebens,
544 3163 669 3247 quibus
690 3162 846 3228 Salmasii
869 3163 980 3244 fidem,
1001 3185 1104 3249 quarn
1120 3173 1250 3233 etanta
1266 3167 1340 3233 Sal·

241 3263 385 3329 masium
407 3263 654 3345 Bourdelotius‚
673 3271 801 3350 etpost
815 3286 890 3331 eum
905 3265 1109 3333 Ιιαωὺεοίυε
1123 3269 1340 3336 confirmave-

243 3371 328 3445 rant,
346 3365 499 3430 deludere
519 3365 620 3432 bomo
642 3387 746 3431 senex
761 3375 794 3432 et
808 3371 905 3434 morti
919 3371 1092 3453 proximus
1108 3372 1221 3451 voluit,
1244 3372 1340 3453 qnasi

242 3487 286 3531 ex
299 3469 430 3534 incerto
445 3467 593 3552 quodam
607 3471 735 3552 optimo
756 3471 844 3536 libro
871 3471 1055 3556 Utopianae
1070 3481 1110 3536 ut
1123 3479 1205 3556 puto
1220 3473 1341 3535 biblio·

243 3569 351 3634 thecae
367 3569 458 3656 (haec
474 3577 550 3636 sunt
566 3571 719 3637 Fabretti
735 3571 853 3658 verba)
866 3575 1050 3652 novaverit,
1064 3573 1155 3637 unde
1170 3576 1273 3637 etiarn
1289 3593 1338 3636 re·

242 3671 326 3736 tinet
349 3669 532 3737 Prousteus
556 3689 597 3736 ιι.
623 3673 676 3738 22.
698 3695 794 3738 unum
813 3674 1040 3738 awridionolem
1066 3683 1199 3738 oentom.
1244 3672 1338 3753 Quid

244 3773 450 3837 statuemusl
483 3771 580 3838 Certe
604 3795 679 3839 cum
702 3775 733 3840 is
758 3777 833 3860 ipse
853 3783 887 3842 et
912 3775 1149 3841 Praelationem
1174 3785 1341 3856 agnoscat

245 3867 447 3952 Gallienam,
462 3881 497 3939 et
509 3875 544 3940 in
560 3895 602 3942 ea
615 3877 696 3942 citet
715 3877 948 3942 auctoritatem
971 3877 1192 3962 manuscripti
1207 3877 1339 3942 codicis

245 3987 291 4033 ex
304 3970 511 4040 bibliotheca
523 3976 633 4060 Regia
646 3979 745 4062 longe
766 3980 902 4065 optimae
915 3987 1025 4059 notae3
1048 3980 1150 4044 etiarn
1166 3980 1248 4046 citet
1262 4000 1339 4063 pro·

243 4069 369 4158 batque
384 4074 566 4158 aliquoties
581 4078 810 4162 Lambccium,
824 4081 881 4168 qui
895 4081 976 4148 nibil
999 4081 1064 4146 nisi
1082 4101 1128 4146 ex
1140 4083 1206 4150 isto
1222 4081 1339 4146 codice
