3014 4724
464 234 511 284 ns
536 235 623 282 vrrs
649 231 696 282 nr
721 235 840 284 onnus
863 237 899 284 ι.
921 237 1064 286 unnnrr.
1262 221 1304 286 28

213 377 362 457 Servius,
376 375 528 446 Medicus
537 365 730 444 Romanus:
744 397 880 462 quornm
892 383 1091 448 testimoniis
1106 381 1304 448 firmamenti

215 479 291 544 loco
305 479 393 545 addo
416 480 542 546 diserte
563 479 623 544 ille
648 479 759 562 Servii
781 479 825 544 ud
845 479 962 563 Virgil.
977 483 1109 550 AEneid.
1126 502 1160 548 ι.
1176 483 1255 550 738.
1270 504 1304 568 p.

214 598 259 644 ιιι.
282 582 357 648 708.
382 583 461 648 edit.
483 582 627 648 Messio.
650 581 758 648 ‘flaec
782 587 892 648 eutem
917 582 1016 664 pleno
1039 590 1246 668 exequuntur
1268 591 1305 649 ot

213 679 331 748 Cicero
346 685 379 748 in
394 683 635 768 Auguralibns,
654 692 689 748 et
701 684 838 750 Annus
854 681 1027 748 Gnnnrus
1043 685 1079 746 in
1090 685 1185 752 libris
1208 686 1303 752 Noe·

211 782 293 848 tium
320 783 508 852 Atticorum
521 785 547 851 :'
570 787 649 853 item
671 785 715 850 sd
739 784 873 850 AEneid.
897 801 963 848 ιιι.
978 786 1054 850 749.
1069 805 1102 868 p·
1115 785 1190 852 sto.
1212 787 1304 854 ‘Alii

208 883 300 950 idem
313 907 335 952 s
350 887 491 972 Virgilio
505 889 540 950 in
553 885 725 968 Georgicis
746 885 871 952 sectum
885 892 1079 964 memorent,
1095 892 1132 950 ut
1145 887 1245 952 etiem
1259 891 1302 956 eb

210 985 324 1053 Auno
340 987 489 1052 Gnouro
504 985 663 1052 uantur?
705 987 805 1052 Mitto
827 995 950 1070 sponte
972 989 1052 1066 ulia,
1070 1007 1147 1071 quae
1169 989 1213 1052 ad
1235 1008 1304 1057 reo·

212 1095 284 1151 turn
308 1089 450 1154 nominis
475 1087 620 1156 Gellinni
648 1087 846 1172 scripturum
868 1088 1106 1154 vindicandum
1130 1090 1304 1172 pertinent.

214 1185 329 1268 Mitto,
354 1191 509 1274 inquam
526 1210 661 1270 mernor,
682 1191 773 1275 qnod
796 1191 934 1258 Jonsius
959 1190 1001 1256 de
1024 1191 1149 1273 Script.
1173 1189 1302 1258 Hister.

212 1289 342 1356 Philon.
364 1292 387 1356 l.
413 1309 452 1356 rr.
467 1313 497 1359 o.
512 1292 544 1358 9.
569 1294 587 1378 §
603 1311 627 1360 ι.
644 1313 679 1377 p.
695 1313 739 1356 m.
754 1294 828 1358 199.
853 1301 965 1358 monet
990 1295 1044 1358 ‘in
1067 1295 1136 1358 ista
1152 1293 1302 1378 appelle·

210 1391 311 1458 tionis
324 1393 481 1479 (Gnnnrr
505 1415 550 1462 an
571 1393 748 1476 Aonnnrr)
769 1395 967 1462 diversitate
989 1397 1130 1462 salutem
1154 1395 1303 1462 Romam

205 1495 337 1578 imperii
354 1516 421 1562 non
444 1497 590 1564 versori’
612 1499 681 1564 imo
695 1500 737 1564 ab
752 1499 874 1564 illustri
890 1498 946 1564 Jo.
961 1498 1084 1566 Burch.
1102 1497 1303 1566 Menckenio

203 1596 242 1660 in
255 1596 514 1665 Declamatione
532 1615 573 1665 ιι.
588 1599 630 1664 do
643 1598 894 1667 Cherletenerin
905 1599 1114 1670 Eruditorum
1129 1620 1209 1685 pag.
1225 1600 1302 1666 111.

203 1717 268 1762 eos
290 1699 377 1766 iolso
407 1703 594 1785 perstringi,
616 1703 677 1786 qui
703 1704 837 1769 multum
863 1703 1047 1788 disputent,
1068 1703 1300 1772 ‘Vrttsrnrus

205 1802 420 1868 scribendum
428 1805 473 1870 sit
484 1823 527 1870 en
540 1803 779 1872 Vsnurnrusi
795 1815 831 1872 ot
850 1803 1008 1870 Noctium
1019 1805 1206 1870 Atticorum
1221 1825 1301 1870 nuo·

205 1910 263 1968 tor
276 1905 451 1970 vocandus
468 1903 676 1984 Anninus,
692 1925 734 1972 en
748 1906 884 1972 Annus
896 1903 1108 1970 Gnnnrust'

193 2069 204 2090 ‚
251 2005 270 2090 §
285 2022 325 2072 ιι.
349 2007 401 2072 De
416 2007 534 2072 Patria
548 2007 652 2074 Gellii
672 2027 769 2073 nomo
783 2015 905 2072 temero
918 2006 1050 2072 dubitet
1063 2011 1141 2088 post
1155 2003 1302 2077 Christo·

203 2105 353 2191 pirorum
380 2107 531 2171 Pieriurn
557 2105 750 2188 Gigantum,
770 2127 872 2190 quom
894 2108 928 2170 in
951 2125 993 2172 es
1016 2105 1174 2188 opinione
1195 2105 1303 2172 tuisse

204 2208 325 2273 rotulit
340 2208 379 2272 Ι..
397 2207 578 2272 Fodsrious
600 2206 766 2286 Turselio,
788 2215 825 2274 ut
845 2227 905 2292 pro
925 2207 1028 2274 Gallo
1046 2227 1123 2274 oum
1136 2208 1300 2288 habuerit,

203 2308 366 2376 inductus
380 2309 432 2374 iris
449 2307 564 2374 Nostri
579 2308 690 2374 verbis
704 2309 761 2374 lib.
778 2325 818 2376 u.
833 2307 935 2376 Noct
950 2307 1022 2378 Att.
1036 2330 1067 2376 o.
1077 2310 1130 2380 22.
1153 2315 1163 2346 ‘
1181 2309 1300 2377 Nostri

203 2431 351 2495 namquo
376 2409 507 2477 Gellir'
529 2411 588 2476 nbi
611 2417 807 2477 tamennon
830 2413 904 2495 ipse
923 2410 1053 2478 Gellius
1066 2413 1223 2497 loquitur,
1238 2413 1299 2478 sed

204 2514 396 2598 loquentem
420 2513 551 2578 inducit
570 2511 788 2592 Favorinum,
804 2513 970 2580 hominem
986 2513 1134 2592 Gallum,
1151 2515 1300 2598 philoso-

205 2615 306 2700 phum
331 2613 574 2682 Arelatensern.
620 2613 750 2680 Pierius
777 2634 871 2694 voro,
894 2616 925 2680 si
949 2615 1143 2680 admonitus
1167 2615 1298 2696 luisset,

206 2719 406 2783 sententium
418 2717 538 2802 procul
559 2717 663 2786 dnbio
686 2723 857 2796 mutasset,
880 2717 983 2784 sicuti
999 2715 1205 2784 Ptolemaeus
1222 2716 1299 2786 Fle-

209 2817 296 2892 vius,
319 2819 353 2882 in
376 2817 611 2904 GonJeotnneis
632 2837 708 2903 nep.
730 2819 783 2884 15.
807 2839 842 2902 p·
856 2819 933 2886 964.
955 2817 1069 2904 (Tom.
1094 2837 1118 2884 ι.
1138 2819 1297 2888 Thestor.

206 2917 360 3005 Gruter.)
378 2919 419 2986 de
442 2941 480 2986 se
501 2921 637 2988 letetur:
659 2919 721 2986 ‘In
744 2921 940 2990 sententium
966 2921 1068 2986 Pierii
1085 2939 1148 3006 ogo
1162 2942 1297 3008 qnoque

206 3021 387 3108 aliqnando
401 3022 459 3102 ivi,
481 3043 547 3090 non
567 3023 639 3088 sine
656 3023 831 3088 multorom
846 3023 1048 3107 elegantium
1062 3023 1227 3092 hominum
1242 3045 1297 3092 os·

207 3142 305 3188 sensu
316 3123 470 3190 r-Nunc
481 3130 591 3190 autern
603 3142 702 3190 secus
717 3125 838 3203 sentio,
852 3145 991 3208 sumque
1002 3124 1190 3192 Romanum
1200 3135 1297 3210 puto,

206 3241 272 3288 neo
286 3229 411 3288 tanturn
424 3225 590 3290 hominem
613 3227 837 3310 'Irnnselpino
862 3227 1109 3294 concedendurn
1126 3229 1297 3302 existimo.

205 3321 311 3403 Quod
332 3323 453 3390 sedulo
477 3325 608 3392 Lectori
632 3346 677 3392 ex
694 3328 782 3412 ipsis
805 3326 973 3394 Noctibus
992 3349 1059 3396 non
1081 3347 1149 3394 uno
1168 3328 1202 3392 in
1222 3327 1296 3394 looo

203 3433 320 3512 aperto
335 3425 469 3492 debitur
482 3429 704 3510 eognoscero!

246 3530 338 3616 §nn
361 3528 455 3594 Ioco
470 3529 619 3596 nobilem
642 3531 748 3598 fnisse
767 3531 929 3600 Nostrum
950 3531 1040 3598 hund
1052 3530 1194 3594 obscuro
1209 3528 1296 3594 indi-

203 3639 284 3704 cent
298 3633 402 3698 verbs
416 3631 526 3716 ipsios
544 3631 567 3700 l
584 3649 697 3700 xvrrr.
721 3639 753 3700 ι’.
775 3636 807 3698 4.
828 3637 934 3719 prino.
948 3638 959 3666 ‘
971 3631 1057 3698 Gom
1076 3629 1147 3713 jorn
1163 3629 1295 3696 odoles-

201 3735 327 3802 oentnli
340 3733 460 3800 Rornae
473 3741 675 3818 praetextem
690 3743 722 3802 et
733 3735 895 3819 puerilem
911 3741 1025 3813 togam
1045 3736 1265 3797 mutassemus
1275 3733 1295 3802 ι’

206 3847 243 3904 ot
256 3857 334 3904 reru
349 3838 424 3922 quis
438 3837 503 3902 nisi
518 3845 744 3922 praetextate,
759 3841 795 3902 ot
808 3837 858 3902 its
872 3835 996 3908 dicero,
1016 3831 1128 3898 eutis
1145 3830 1177 3896 in
1191 3833 1294 3904 litoris

204 3943 323 4018 nesoit,
336 3945 346 3976 ‘
358 3939 575 4024 protextnm'
588 3940 693 4012 inisse
707 3937 867 4003 nobilium
882 3947 1053 4020 puerorum
1064 3933 1151 4016 epod
1168 3935 1294 4004 Rorna-

201 4042 291 4116 nost
319 4043 395 4127 quis
420 4058 522 4126 porro
547 4041 650 4123 punto
667 4037 842 4103 humanior
861 4038 990 4122 ignorat
1002 4033 1243 4104 nobilissimum
1258 4038 1292 4101 in
