3014 4724
222 243 265 313 12
598 260 728 310 racem
753 259 936 310 caesovrr

222 403 329 472 solide
344 403 544 471 venerabilia
557 405 622 470 ista
639 405 844 488 antiquitatis
860 407 990 488 ingenia
1003 407 1101 472 nosci
1116 411 1149 470 et
1171 411 1318 494 perspici

222 514 386 596 possunt;
424 515 458 573 et
478 507 664 590 praesertim
690 507 794 571 editio
819 509 931 591 aliqua
954 508 1111 574 decenter
1133 511 1320 594 profligari:

222 617 321 697 prout
335 613 445 676 visum
461 609 526 672 luit
538 609 641 672 etiam
657 609 735 686 illis,
758 611 816 693 qui
839 611 975 694 gloriam
999 611 1184 676 studiorum
1208 615 1240 676 in
1256 615 1319 682 bas

223 722 327 779 terras
352 715 561 788 invexerunt,
581 711 647 774 etsi
670 711 771 776 hodie
793 732 868 777 cum
892 714 1027 778 miseria
1049 713 1186 795 publica
1212 717 1320 781 soleat

223 815 321 881 aliter
339 813 421 890 fieri,
445 818 481 876 et
505 813 739 890 conscribitur,
761 812 841 876 dum
864 814 1073 896 imprimitur,
1097 819 1133 878 ut
1155 815 1222 898 ipsi
1240 817 1318 882 huic

221 916 335 984 Gellio
348 921 443 999 patet
458 913 642 995 contigisse
663 921 696 977 et
716 915 759 977 ab
781 911 910 996 'I'bysio
932 923 965 978 et
985 916 1028 978 ab
1050 915 1192 993 Oiselio,
1215 925 1318 1001 utque

221 1017 458 1084 animadvertis
471 1015 628 1099 prodisse
642 1015 740 1080 hodie
754 1016 840 1079 istas
852 1016 1017 1080 editiones
1029 1016 1225 1081 Graecorum
1240 1039 1319 1084 aue-

221 1127 338 1196 torum,
353 1137 567 1203 nequaquam
588 1137 629 1182 eo
651 1117 776 1195 studio,
799 1125 836 1182 ut
858 1119 982 1182 inillis
1005 1119 1133 1202 aliquid
1151 1123 1317 1202 egregium

221 1229 255 1288 et
269 1221 409 1286 antehac
423 1221 532 1286 latens
548 1226 581 1284 et
594 1221 700 1284 multo
714 1221 829 1285 labore
841 1215 882 1285 ex'
893 1221 998 1285 laudo
1014 1221 1131 1304 aliquo
1145 1229 1317 1306 receptum

222 1324 433 1388 exhiberetur
447 1323 490 1386 ab
504 1323 637 1405 ingenio
652 1327 687 1387 et
699 1323 851 1388 doctrina
867 1323 1013 1386 editoris.

265 1425 378 1490 Multa
402 1425 545 1508 posthae
568 1425 613 1489 ad
638 1424 674 1488 id
703 1425 893 1491 faciendum
915 1425 1036 1490 oborta
1063 1433 1118 1490 est
1140 1426 1316 1510 inopinata

222 1528 467 1611 opportunitas,
478 1525 638 1610 quotidie,
650 1533 689 1590 nt
701 1547 744 1592 ex
755 1528 826 1592 vita
836 1545 910 1591 mea
921 1525 1020 1590 lacile
1029 1532 1180 1592 constare
1191 1534 1316 1610 potest,

223 1629 437 1694 offerentibus
461 1649 499 1692 se
522 1629 655 1693 causis:
674 1647 787 1694 verum
811 1635 936 1694 elnon
957 1629 1060 1692 semel
1082 1629 1236 1712 voluptas
1259 1649 1317 1712 per

221 1750 352 1796 omnem
375 1731 533 1813 deinceps
555 1729 705 1795 Gellium
727 1729 835 1808 eundi,
858 1749 935 1813 quae
959 1730 1071 1811 augeri
1087 1737 1157 1793 tum
1172 1731 1316 1794 maxime

221 1833 318 1911 solet,
333 1851 399 1916 qno
413 1834 519 1916 magis
533 1833 747 1916 intelligentia
764 1834 948 1898 instruitur.
995 1831 1061 1897 Sed
1076 1851 1205 1915 semper
1220 1833 1316 1897 inter·

220 1933 367 2019 peilatus
379 1933 457 1998 hine
472 1932 632 2017 idipsum
652 1953 740 1999 nunc
755 1940 884 1998 strenue
905 1935 1038 2010 iteravi,
1052 1939 1091 1998 ut
1104 1938 1139 1996 et
1151 1934 1234 1998 nihil
1248 1943 1315 2000 don

221 2053 333 2099 eorum
348 2053 423 2119 quae
438 2035 620 2099 memoravi
636 2035 851 2111 adhibuerim,
867 2035 945 2098 etsi
960 2035 1042 2118 quid
1057 2053 1103 2098 ex
1114 2035 1233 2099 codice
1248 2055 1315 2100 non

220 2136 319 2201 valde
342 2139 483 2220 antiquo
503 2138 538 2202 S.
555 2135 664 2202 Marci
690 2137 782 2221 apud
808 2137 1008 2202 Florentiam
1030 2137 1140 2200 obiter
1162 2138 1314 2221 inspecto

220 2239 333 2319 irater,
348 2241 378 2304 si
393 2241 475 2324 quid
492 2243 564 2325 ipse
588 2241 622 2305 in
648 2239 821 2318 Thuaneo,
837 2259 938 2323 quem
961 2239 1106 2304 Parisiis
1131 2239 1249 2304 itidem
1264 2241 1315 2302 in-

220 2341 332 2424 spexi,
346 2340 550 2425 deprehendi
566 2344 610 2408 ab
631 2343 745 2426 aliqua
766 2341 937 2406 Gellianae
961 2340 1195 2405 illustrationis
1219 2345 1313 2423 parte

219 2459 287 2506 non
302 2441 459 2521 alienum,
475 2443 626 2508 studiose
647 2441 786 2526 prodere
811 2443 846 2504 in
869 2442 980 2505 animo
1005 2441 1189 2520 habuerim,
1204 2448 1240 2506 ut
1262 2442 1313 2506 ita

220 2549 321 2622 certe,
338 2565 405 2628 quo
426 2546 499 2610 solo
513 2545 614 2610 modo
628 2544 698 2608 lieri
719 2549 844 2626 potest,
860 2545 890 2607 si
911 2563 976 2607 non
997 2543 1202 2627 plenissima,
1225 2551 1313 2609 certe

219 2647 359 2731 plenior,
374 2667 473 2731 quam
488 2645 637 2722 antehae,
650 2643 755 2710 Gellii
770 2650 899 2710 extaret
911 2647 1039 2711 notitia.

262 2747 304 2812 Id
320 2753 431 2812 autem
445 2746 629 2810 institeram
643 2746 766 2829 exequi
780 2765 937 2832 arrepens
948 2765 1083 2826 normae,
1098 2765 1197 2831 quam
1211 2753 1313 2812 antea

219 2848 361 2913 duxerat
376 2847 477 2912 Pater
491 2847 589 2930 quasi
603 2846 645 2911 ad
658 2847 864 2931 exemplum,
886 2855 924 2914 nt
938 2849 988 2912 sic
1001 2849 1223 2933 perhiberetur
1236 2849 1312 2915 telae

220 2967 308 3031 opus
323 2967 383 3031 per
405 2967 466 3013 nos
488 2947 573 3013 duos
595 2948 711 3014 eadem
738 2949 895 3015 Minerva
912 2955 1079 3016 exactum.
1123 2951 1191 3016 Sed
1205 2953 1314 3017 arcuit

218 3050 307 3114 banc
320 3048 515 3115 uniformem
529 3051 691 3115 actionem
712 3060 748 3114 et
760 3051 901 3117 invitum
916 3073 970 3116 me
992 3052 1035 3117 ad
1050 3052 1148 3136 plura
1171 3054 1313 3118 circum-

218 3151 288 3235 egit
302 3151 376 3216 sola
394 3151 600 3216 librariorum
619 3153 786 3230 voluntas,
802 3153 862 3236 qui
876 3153 1001 3238 pariter
1015 3156 1099 3239 ejus,
1115 3173 1217 3238 quam
1231 3155 1313 3233 dixi,

217 3253 337 3338 Thysii
357 3259 390 3320 et
408 3252 526 3320 Oiselii
545 3254 702 3320 editionis
724 3257 883 3321 rationem
904 3255 1023 3320 hahere
1044 3261 1205 3336 urserunt,
1227 3275 1313 3333 cum,

218 3363 320 3441 prout
332 3361 502 3439 receptum
516 3365 568 3420 est
581 3356 626 3420 ab
649 3375 761 3420 eorum
784 3375 936 3440 corpore,
951 3357 1021 3441 ipsi
1042 3359 1200 3424 emissent
1212 3358 1312 3442 quasi

218 3461 400 3543 propriam,
416 3463 453 3522 ut
472 3476 579 3540 penes
596 3458 691 3541 ipsos
705 3459 764 3543 jus
785 3459 871 3523 soret
886 3459 959 3542 ejus
974 3461 1066 3543 typis
1082 3459 1310 3542 subjiciendus.

218 3559 284 3626 Cui
298 3560 470 3626 sententiae
485 3578 564 3624 cum
573 3559 760 3623 resisterem
776 3558 923 3644 perinde,
933 3578 974 3623 ao
985 3559 1077 3624 illam
1090 3559 1310 3624 malefactum

216 3663 370 3747 maleque
383 3661 500 3728 utilem
515 3661 695 3726 editionem
719 3667 754 3727 et
767 3662 937 3726 celerrima
952 3661 1174 3744 imprudentia
1187 3659 1311 3724 collec-

217 3768 324 3829 tarum
338 3771 491 3830 notarum
516 3781 673 3828 acervum
695 3781 891 3846 spernerem,
914 3781 979 3826 non
1003 3761 1095 3846 quivi
1109 3765 1216 3824 tamen
1232 3779 1311 3824 con-

218 3863 296 3928 silio
310 3867 451 3944 vincere,
466 3871 501 3930 et
521 3865 716 3930 acerrimam
741 3863 959 3945 pertinaciam
983 3877 1186 3945 expugnare,
1211 3881 1312 3943 quam

217 3963 396 4030 tuebantur
409 3968 612 4050 argumentis
634 3985 701 4030 non
724 3984 769 4028 ex
788 3963 970 4028 studiorum
991 3960 1168 4028 commodo
1184 3963 1311 4045 petitis,

218 4063 277 4132 sed
290 4063 425 4145 talibus,
447 4085 525 4151 ques
540 4066 683 4149 quilibet
705 4063 795 4130 haud
816 4063 909 4130 rudis
931 4063 1119 4148 assequitur
1140 4062 1311 4131 facillime.
