3014 4724
720 1111 770 1159 DE

474 1342 659 1418 AULO
714 1341 1002 1421 GELLIO.

192 1805 258 1894 «Α.
273 1827 450 1895 cennius
462 1826 514 1890 vii
528 1826 767 1908 elegantissimi
783 1826 919 1912 eloquii,
930 1833 966 1890 et
979 1827 1095 1893 munte
1117 1829 1284 1895 sciscun-

192 1925 245 1994 dae
261 1926 434 1994 scientim?
471 1926 507 1990 S.
524 1926 732 2009 Augustinus
744 1928 805 1992 lib.
820 1943 876 1990 ix.
899 1926 1102 1992 decivitate
1117 1925 1197 2006 Dei,
1212 1947 1242 1996 c.
1252 1933 1285 1995 4.

234 2034 245 2066 ‘
260 2029 304 2094 A.
320 2029 455 2094 Gellius
471 2026 635 2092 Noctium
650 2027 841 2092 Atticarum
855 2025 1047 2112 inscripsit-⁹
1077 2027 1284 2105 Priscianus,

189 2131 249 2268 hb:
263 2145 368 2296 (vigilii
381 2225 629 2294 commentariis
642 2225 767 2308 quibus
781 2227 862 2292 nihil
877 2227 949 2293 fieri
964 2233 1077 2312 potest
1091 2247 1196 2314 neque
1209 2245 1286 2294 eru-

189 2329 316 2410 ditius:
328 2334 389 2396 dic.
433 2327 596 2394 Erasmus
607 2326 818 2409 Adegiorum
833 2328 977 2394 chiliade
992 2346 1018 2394 1.
1030 2331 1177 2396 centuria
1192 2346 1243 2395 iv.

234 2434 366 2500 ‘Nesos
381 2437 434 2498 est
446 2428 616 2514 praeterire
637 2427 703 2493 hoc
726 2430 805 2494 loco
828 2427 956 2495 Aulum
971 2429 1118 2497 Gellium
1132 2433 1191 2514 qui
1205 2451 1284 2498 sex-

189 2541 288 2602 centn
302 2533 619 2606 Grammaticorum,
635 2527 830 2612 Podtnrum,
846 2531 1044 2612 Rhetonum,
1059 2531 1284 2614 Philosopho-

189 2658 272 2716 rum,
285 2633 616 2708 sumsconsultomm,
632 2631 735 2710 dicto,
750 2631 849 2710 suctu,
863 2635 1016 2700 institute
1036 2652 1144 2717 usque
1158 2651 1200 2697 co
1216 2649 1280 2696 non

190 2737 363 2822 preteriit,
377 2743 417 2799 nt
430 2753 516 2800 unus
530 2734 673 2816 scriptor
685 2733 791 2798 instet
801 2734 946 2818 plurium
961 2734 1075 2800 haberi
1089 2733 1218 2818 possit.
1231 2778 1280 2800 ...

191 2837 313 2920 Neque
335 2835 531 2900 audiendum
550 2835 621 2899 ullo
647 2833 746 2900 modo
769 2833 959 2919 Gaspnrem
982 2836 1180 2920 Scioppium
1196 2841 1280 2920 puto

189 2935 412 3025 piaefidentcm
439 2935 716 3014 Grammaticum,
741 2935 858 3020 quiex
873 2943 1016 3021 quatuor
1029 2937 1140 3002 Lntini
1154 2955 1279 3004 sermo·

189 3041 242 3106 nis
256 3039 354 3122 quenl
369 3039 536 3114 entibus,
551 3058 637 3122 ques
648 3039 808 3104 arbitratu
822 3057 886 3102 suo
902 3038 1085 3122 distinguit,
1100 3059 1210 3117 auree,
1225 3059 1278 3103 er·

191 3145 323 3222 gentes,
337 3157 439 3216 neuen,
453 3137 570 3215 semen,
585 3137 732 3204 Gellium
746 3139 781 3202 in
790 3137 903 3203 infime
917 3139 1126 3224 maximeque
1140 3137 1279 3221 ignobili

191 3245 332 3324 reponat
346 3243 454 3316 aetnte,
463 3247 498 3302 et
511 3239 636 3305 ultimis
647 3239 864 3326 scriptoribus
872 3247 1082 3320 annumerem
1099 3238 1279 3322 judicium,

189 3347 352 3428 quantum
371 3339 561 3405 existimare
575 3360 726 3426 possum,
740 3342 846 3408 omnis
857 3339 980 3426 judicii
993 3333 1137 3425 expers!
1159 3335 1278 3401 Frenc.

187 3443 383 3509 Venassor:
405 3441 439 3505 in
453 3439 513 3506 lib.
529 3441 571 3505 de
586 3441 715 3507 ludicre
730 3441 885 3508 dictione.
995 3473 998 3480 ·

219 3543 370 3634 [Videsie
380 3543 449 3610 ulie
459 3541 670 3611 Testimonin
682 3541 725 3610 ud
739 3543 837 3612 finem
848 3538 1098 3609 Dissensuonis
1109 3533 1279 3622 Felsteri]
