3014 4724
250 275 293 341 68
635 279 757 332 tttnttx
783 281 963 332 caet'tutt.

284 434 308 479 t.
325 424 395 482 Quiri
404 423 536 476 AEscblnea
548 420 673 472 rhetorio
685 419 810 485 oratioue¹
822 433 872 485 qus
879 417 1040 470 timarchum
1052 417 1086 469 de
1097 419 1258 485 impudicitia
1269 435 1343 473 acen·

252 507 327 570 sarit,
339 503 546 556 Laccdemonios
563 501 686 552 statuisse
707 499 804 549 dixerit
821 513 898 563 super
916 500 1045 550 sententia
1059 499 1251 566 probatissima,
1268 515 1343 570 quarn

251 583 481 650 improbatissimos
491 582 568 630 lrcuro
579 579 693 629 dixisset.

282 669 308 715 4.
325 661 402 716 Quod
412 659 541 724 Sulpicius
553 658 710 722 Apollinaris
726 657 910 722 predicantem
922 658 1051 723 quendam
1063 673 1078 708 a
1089 673 1146 709 sese
1156 673 1208 710 uno
1224 661 1343 712 Sallustii

251 743 372 794 historias
389 739 501 803 intelligi
520 737 609 802 illusit,
625 739 766 804 quaestione
778 739 918 804 proposita,
935 739 996 804 quid
1011 740 1090 790 verba
1106 740 1157 790 lata
1168 739 1236 806 apud
1247 741 1343 792 Sallus-

252 825 317 874 ttu-
328 819 521 886 slguificsrent:
539 819 548 847 ‘
559 820 687 869 iuccrturn
699 819 819 868 stolidior
829 833 862 868 arr
873 819 982 868 vanior!

284 909 309 954 a.
327 901 404 956 Quod
421 901 454 952 Q.
468 899 565 950 Ennius
580 900 605 948 iu
623 899 732 962 septimo
748 899 834 949 annui
850 898 1018 964 ‘quadrupes
1038 899 1135 964 eques,'
1150 913 1181 950 ac
1192 915 1243 952 nou
1258 901 1266 930 ¹
1279 915 1340 966 qus·

253 980 349 1045 (impes
361 978 458 1044 equus,'
474 985 504 1028 ut
514 977 695 1042 leguutmulti‚
708 978 833 1041 seriptum
844 977 961 1042 reliquit.

284 1065 311 1111 t.
327 1059 403 1112 Quot
414 1057 494 1108 AEllus
505 1057 636 1122 Melissus,
652 1057 678 1106 iu
689 1057 756 1107 libro
766 1057 809 1106 cni
820 1057 925 1106 titulum
936 1056 1000 1108 iecit
1019 1065 1026 1088 ⁸
1039 1058 1072 1107 de
1090 1059 1212 1124 loquendi
1231 1059 1345 1124 proprie·

253 1139 327 1204 tate,'
342 1153 418 1204 quern
429 1151 486 1188 curn
498 1137 590 1187 ederet
604 1139 612 1165 ‘
625 1137 719 1188 cornu’
729 1151 786 1187 esre
803 1137 921 1199 ‘copim'
940 1137 1055 1200 dicebat,
1072 1153 1126 1188 reru
1143 1139 1246 1201 scripsit
1261 1151 1347 1202 neque

253 1222 328 1272 dictu
347 1232 431 1284 neque
448 1217 538 1267 auditu
558 1217 676 1282 dignam
693 1232 750 1268 cum
767 1215 872 1267 differre
887 1216 1067 1266 ‘matronam'
1086 1223 1113 1267 et
1129 1219 1258 1267 ‘matrem
1274 1215 1347 1267 faml-

253 1299 316 1352 liss'
328 1297 487 1350 existimarit
498 1293 645 1346 differentis
656 1297 731 1361 louge
743 1296 886 1346 sanissime.

286 1385 313 1431 t.
329 1381 413 1432 Quem
432 1377 459 1425 iu
477 1375 581 1426 modum
599 1375 741 1425 Fauorinus
761 1375 914 1425 tractaverit
938 1374 1148 1439 intempestivum
1168 1377 1295 1440 quendam
1316 1375 1350 1426 tle

254 1460 391 1512 sorborum
402 1454 613 1519 ambiguitatibus
624 1461 799 1521 quaerentem:
817 1461 897 1520 atque
916 1453 952 1504 ibi
971 1462 1036 1520 quot
1051 1453 1251 1519 significationes
1262 1459 1352 1520 capiat

255 1541 265 1569 ‘
277 1535 383 1589 conciu.'

288 1622 313 1667 8.
327 1615 509 1678 ‘ommam
519 1614 722 1678 rollporlmra,
742 1623 819 1681 atque
835 1615 885 1665 slis
903 1615 929 1664 id
949 1629 1039 1680 genua,
1055 1629 1111 1680 quse
1128 1619 1279 1664 ornamenta
1294 1629 1352 1664 ora·

255 1696 332 1747 tlonls
344 1701 478 1760 putantur,
489 1695 579 1758 inepta
589 1708 646 1744 esse
657 1703 686 1745 et
698 1697 817 1758 puerilia,
833 1694 924 1744 Lucilii
935 1709 1037 1758 quoqne
1048 1694 1163 1744 versibus
1175 1695 1311 1744 declarari.

288 1780 312 1826 ⁹.
329 1773 398 1827 Quid
415 1773 543 1837 significet
558 1773 626 1837 apud
645 1773 938 1824 montaneorum
956 1773 1141 1833 ‘insecendo;’
1157 1773 1277 1838 qnodque
1288 1775 1352 1824 isse-

256 1858 328 1906 eesdo
340 1853 424 1919 potius
435 1851 572 1917 legendnm
583 1853 627 1916 sit,
641 1867 716 1916 qnam
727 1853 795 1918 qnod
807 1853 924 1918 plerique
935 1853 1094 1915 existimant,
1103 1854 1252 1916 ineqsesto.

290 1939 331 1985 tt).
349 1933 443 1983 Errare
455 1933 527 1994 istos,
544 1932 588 1996 qui
603 1931 635 1998 in·
646 1931 808 1996 exploranda
825 1929 892 1980 febri
912 1932 999 1995 pulsus
1016 1945 1137 1980 senarum
1149 1933 1293 1995 pertentari
1306 1948 1353 1998 pu·

257 2019 325 2074 taut,
336 2026 387 2064 uon
398 2011 559 2061 arteriarum.

287 2097 330 2142 11.
347 2089 435 2140 Verba
446 2104 479 2138 ex
490 2089 646 2148 carminibus
658 2089 728 2139 Furii
738 2088 853 2139 Antiatis
870 2089 963 2139 inscite
981 2103 997 2137 a
1012 2089 1134 2139 Caesellio
1144 2089 1253 2140 Viutlice
1265 2105 1353 2156 repre·

258 2174 347 2235 beosa,
357 2184 497 2234 versusque
508 2169 566 2232 ipsi,
577 2168 602 2217 in
613 2168 706 2232 quibus
718 2183 750 2218 ea
762 2169 841 2218 verbs
852 2175 920 2228 aaut,
932 2167 1080 2232 subscripti.

292 2255 334 2304 lt.
350 2251 450 2299 Morem
462 2249 538 2298 istum
544 2248 682 2299 Veteribus
694 2248 790 2298 nostris
801 2247 892 2312 luisse,
901 2247 979 2297 rerba
989 2249 997 2276 ‘
1008 2247 1138 2311 patieudi’
1148 2255 1247 2299 mutare
1257 2265 1288 2302 ac
1299 2265 1355 2301 set-

259 2335 316 2378 tere
327 2327 354 2377 in
371 2329 379 2356 ‘
391 2328 498 2392 apeudl'
509 2327 622 2378 modum.

293 2411 333 2458 tt·
351 2407 429 2459 Quali
440 2407 536 2458 talione
546 2407 675 2471 Diogenes
688 2407 853 2472 philosophus
871 2423 932 2458 usus
951 2411 987 2462 sit
1004 2417 1169 2475 pertentatur
1185 2425 1200 2458 s
1214 2409 1353 2462 dialectico

261 2485 370 2552 quotam
381 2485 548 2550 sophismatio
559 2485 711 2550 impudenti.

294 2569 335 2615 14.
351 2563 420 2617 Quid
432 2565 466 2615 sit
477 2579 596 2616 numerus
609 2565 777 2627 ‘hemiolioo,’
794 2565 855 2628 quid
868 2567 876 2595 ‘
887 2566 1025 2629 epitritos:
1042 2573 1070 2617 et
1086 2566 1154 2632 quoti
1165 2569 1292 2618 sumbola
1303 2568 1354 2618 ista

263 2657 313 2694 nou
325 2642 401 2693 facile
411 2645 493 2693 nostrl
505 2645 559 2692 ausi
571 2652 630 2694 suut
642 2654 744 2696 vertere
754 2645 780 2693 lu
792 2645 903 2708 linguam
915 2647 1040 2696 latinam.

295 2727 336 2772 tt.
353 2721 427 2773 Quod
438 2722 476 2771 Μ.
485 2722 570 2771 varro
588 2723 614 2772 lu
633 2724 718 2774 beroia
738 2723 850 2774 versibus
867 2723 1043 2776 observaverit
1061 2741 1114 2778 seru
1132 2727 1208 2778 ninsls
1225 2727 1308 2778 anain
1324 2733 1352 2776 et

263 2802 371 2852 curiose
388 2799 583 2850 observationis.

559 2978 733 3030 emmor·
749 2983 896 3033 emaduisse
912 2983 962 3032 lucc
976 2982 1066 3032 istest.

298 3116 321 3162 1.
333 3109 476 3174 Responsio
486 3113 619 3178 cujusdam
631 3116 774 3182 philosophi
785 3117 947 3184 interrogati,
959 3134 1034 3185 quarn
1044 3119 1078 3170 ob
1088 3133 1190 3170 causatu
1202 3117 1279 3170 nrarls
1289 3121 1352 3166 tem·

265 3197 369 3259 pestate
380 3191 522 3264 palluerat.¹

297 3277 323 3324 1.
339 3273 379 3322 lis
390 3272 502 3338 quinque
513 3275 629 3339 corporis
638 3277 755 3327 sensibus
765 3277 829 3328 sluos
840 3293 897 3329 csse
907 3293 966 3329 cum
975 3278 1068 3328 belluis
1080 3279 1191 3330 masinae
1202 3285 1354 3329 communes.

297 3357 323 3402 l.
340 3351 415 3404 Quod
428 3352 529 3416 turpius
540 3365 579 3404 est
589 3353 684 3418 frigide
694 3355 802 3420 laudari,
812 3372 889 3422 quarn
900 3359 1018 3408 acerbius
1029 3358 1178 3422 vituperari.

212 3484 218 3500 ⁸
298 3437 324 3482 4.
342 3432 514 3485 Quamobrem
524 3441 617 3484 venter
628 3434 764 3497 repentino
776 3436 869 3487 timore
880 3435 983 3499 effluat3
1000 3451 1081 3503 quare
1091 3439 1169 3488 etisus
1180 3436 1243 3500 ignis
1254 3431 1352 3482 urinam

266 3513 385 3564 lacesset.

299 3598 324 3642 t.
340 3594 381 3644 lix
390 3591 536 3644 Aristotelis
545 3591 618 3642 libris
629 3601 750 3656 sumtum,
760 3595 829 3659 quod
840 3597 906 3647 uisis
917 3611 984 3662 aqua
994 3597 1068 3662 potui
1080 3595 1189 3662 passima
1197 3593 1239 3655 sit,
1248 3595 1275 3639 et
1283 3585 1352 3653 quod

267 3687 300 3724 ex
313 3673 373 3723 ulra
384 3674 519 3738 crystallus
530 3681 692 3724 concreatur.

300 3757 325 3804 b.
341 3753 417 3805 Quod
429 3753 512 3817 pudor
522 3753 671 3817 sanguinent
681 3751 714 3802 sd
725 3759 815 3804 extera
827 3753 958 3816 diffundit,
970 3755 1048 3806 timor
1058 3767 1118 3803 sero
1129 3747 1263 3802 contrabit.

300 3835 326 3882 7.
342 3831 412 3885 Quid
424 3833 459 3881 sit
469 3833 477 3862 ⁶
488 3832 591 3882 obesum
599 3831 617 3892 ς’
634 3833 805 3896 nonnullaque
815 3833 866 3881 alia
877 3835 961 3896 prisca
972 3834 1106 3884 uocabula.

300 3913 325 3959 a.
342 3911 459 3963 Qumstlo
469 3925 502 3960 an
517 3913 525 3938 ⁴
536 3911 650 3974 barena,'
663 3911 793 3974 ιιτιιΙιιιιι,’
804 3913 812 3940 ‘
824 3912 957 3976 tritlcuus‚’
970 3913 1079 3978 pluralia
1089 3897 1271 3960 inveniantur?
1278 3907 1352 3966 atque

270 3985 332 4036 iulbl
343 3989 377 4039 de
387 3995 396 4020 ⁸
405 3991 553 4054 quadrigis:
569 3993 576 4018 ¹
589 3991 746 4056 lulnulcitils,’
757 3993 886 4042 nonnullis
896 4001 1024 4057 preterea
1036 3989 1176 4051 uocabulis,
1187 4001 1219 4036 au
1235 3977 1352 4047 singulari

270 4079 376 4116 numero
392 4071 589 4132 comperiantur.

302 4149 328 4196 t.
346 4143 452 4196 Antonii
461 4145 560 4196 Julisnl
570 4145 596 4196 in
607 4147 726 4200 conslslo
737 4149 769 4202 ad
781 4149 904 4217 quostiam
914 4147 1019 4201 Grecos
1030 4147 1189 4214 lepidissima
1199 4135 1337 4204 responsio.
