3014 4724
620 279 825 330 onerario.
1246 267 1269 330 9

175 427 286 492 babeo
306 427 390 493 banc
405 425 591 492 chartulam
608 427 652 490 ab
671 424 776 489 Patre
792 426 1038 510 conscriptam:
1060 423 1130 491 ‘Eo
1152 443 1267 491 exem-

174 529 260 612 plari
283 549 363 594 usus
386 529 569 613 aliquando
596 527 658 592 suit
682 526 789 592 Henr.
813 525 1014 607 Stephanus,
1036 534 1070 592 et
1088 527 1122 591 id
1138 529 1266 611 passim

173 632 491 720 conseribillaverat.
536 630 607 695 Sub
623 628 723 692 tinem
740 626 910 710 adjectum
925 631 995 690 erat
1009 631 1134 694 minuta
1147 630 1265 696 litera:

172 729 305 796 Contuli
327 730 363 796 J.
389 730 629 796 Bourdelotius
651 727 823 812 Agellium
844 747 920 792 cum
936 727 1069 792 duobus
1083 732 1157 796 cod.
1172 733 1265 798 Bibl.

171 831 255 915 Reg·
272 839 306 898 et
328 851 405 897 cum
429 831 499 896 Ms.
523 829 690 895 Frederioi
714 828 857 906 Morelli,
883 829 918 893 in
940 849 1009 912 quo
1023 849 1090 893 nou
1106 835 1265 899 extabant

169 933 316 1000 Graeca?
361 933 492 998 Eadem
505 951 608 997 mauu
630 932 755 1015 passim
772 940 851 996 sunt
866 933 1026 1015 ascripta,
1043 950 1119 1014 quae
1135 932 1169 995 in
1184 933 1265 998 Car-

167 1036 273 1104 rionis
289 1035 494 1118 Stephanica
508 1034 664 1099 differunt
679 1051 700 1098 a
714 1035 953 1118 superioribus.
997 1033 1144 1098 Videtur
1155 1033 1189 1099 id
1206 1053 1266 1098 ex·

168 1137 301 1220 amplat
314 1136 505 1220 possedisse
520 1143 555 1203 et
574 1136 773 1216 Scriverius,
794 1137 872 1220 qnia
895 1137 929 1200 iu
953 1155 994 1201 eo
1008 1135 1147 1220 jacebat
1166 1155 1266 1202 manu

168 1237 247 1321 ejus
275 1236 437 1302 schedula
461 1241 630 1305 continens
652 1238 810 1304 'Pelorum
836 1245 871 1304 et
888 1238 1079 1322 jaculorum
1102 1239 1266 1304 vocabule

167 1337 261 1423 apud
274 1337 421 1405 Gellium
435 1339 456 1403 l.
475 1355 512 1404 x.
527 1360 558 1405 c.
578 1341 634 1406 25.
667 1340 802 1406 Habuit
812 1345 846 1405 et
857 1340 1005 1424 Thysius
1021 1341 1120 1423 p.dl.
1133 1345 1165 1404 et
1184 1339 1265 1405 191:

209 1437 309 1506 Adeo
323 1441 430 1506 multa
445 1442 651 1507 adminicula
675 1461 751 1506 cum
775 1449 975 1523 augerentur
998 1441 1130 1506 duobus
1150 1461 1265 1506 exem-

164 1541 318 1626 plaribus
333 1561 380 1606 ex
395 1541 444 1607 Is.
460 1541 580 1608 Vossii
594 1543 706 1627 copia,
721 1543 757 1606 in
777 1563 918 1628 quorum
940 1562 1144 1629 unoquoque
1160 1543 1265 1608 babe-

163 1643 266 1710 batur
280 1645 451 1728 posterior
466 1643 568 1710 Gellii
583 1663 663 1727 pars
677 1651 758 1727 post
775 1645 897 1711 librum
917 1651 1083 1725 octavum,
1102 1647 1178 1731 ejus
1202 1665 1263 1710 no·

164 1754 208 1810 tae
232 1766 276 1811 ao
299 1748 414 1826 sortis,
435 1753 473 1812 ut
496 1761 611 1812 eorum
639 1747 778 1812 alterum
805 1749 985 1813 contineret
1007 1750 1110 1814 etiarn
1139 1747 1262 1812 Graeca

161 1846 336 1932 pleraque,
361 1867 461 1931 qnam
484 1849 638 1931 proxime
661 1849 834 1914 accederet
852 1848 895 1912 ad
917 1867 1117 1912 consensum
1132 1849 1261 1914 codicis

160 1946 277 2032 Regii,
292 1955 391 2034 atque
405 1950 481 2014 binc
495 1951 660 2034 praeberet
674 1952 799 2016 iudicia
812 1951 951 2034 optimae
966 1967 1073 2024 venae,
1087 1953 1164 2010 tunc
1176 1953 1263 2010 certe

158 2052 346 2116 videbatur
357 2051 520 2116 subsidiis
530 2051 682 2134 quaebuc
695 2053 915 2136 requiruntur,
930 2047 986 2116 rel
1000 2047 1263 2113 fortunatissime

158 2152 312 2220 affluere.
355 2149 476 2232 Neque
491 2153 540 2214 ita
554 2159 666 2215 tamen
690 2153 732 2215 ad
755 2152 1001 2218 contexendam
1017 2148 1180 2233 expolitae
1195 2167 1262 2212 me-

158 2253 341 2318 ditationis
355 2250 477 2315 seriem
492 2249 647 2332 progredi
657 2269 774 2315 nevere
790 2251 904 2328 voluit,
915 2257 1012 2334 prout
1020 2251 1148 2316 sciebat
1158 2249 1263 2318 multa

159 2353 342 2420 infeliciter
354 2352 410 2418 bic
425 2351 497 2418 illic
512 2352 627 2430 latera,
642 2353 708 2418 nisi
724 2353 903 2419 etiamnum
917 2353 1046 2437 aliquid
1056 2354 1261 2438 aperuissot;

159 2457 216 2521 cui
241 2455 290 2520 rei
311 2473 367 2518 rue
391 2453 585 2532 destinavit,
611 2455 660 2518 sic
683 2473 729 2520 ex
750 2451 878 2536 Augila
902 2455 1003 2520 etiam
1025 2463 1058 2519 et
1073 2475 1201 2520 rursum
1217 2476 1261 2521 ex

160 2557 278 2623 Galba
301 2557 480 2641 impetrato
505 2555 616 2620 adbuc
634 2556 823 2640 aliquorum
846 2557 965 2623 mediae
981 2557 1093 2622 aetatis
1108 2557 1262 2622 codicum

160 2667 359 2742 conspectu.
402 2659 497 2724 Hinc
512 2658 610 2742 igitur
623 2679 691 2724 uon
711 2658 850 2724 collatio
873 2665 999 2724 tantum
1022 2658 1178 2724 instituta
1202 2677 1261 2723 ex-

160 2761 334 2844 emplaris,
355 2762 446 2844 quod
471 2781 533 2844 pro
558 2763 764 2846 benignitate
789 2781 853 2846 sula
876 2761 1089 2844 indulgebant
1113 2759 1260 2844 collegio

159 2862 390 2927 lincolniensi
405 2862 497 2946 apud
518 2862 689 2930 Oxonium
709 2863 879 2940 Praefecti,
903 2883 978 2928 cunr
1002 2863 1037 2928 id
1058 2863 1258 2948 praeferrem,

160 2964 227 3030 etsi
242 2962 351 3028 forent
365 2965 400 3028 in
413 2965 489 3029 aliis
504 2964 662 3050 collegiis
676 2967 755 3033 alia
799 2965 903 3043 Hinc,
919 2965 1008 3050 quod
1024 2967 1174 3050 oportuit
1184 2966 1257 3033 fieri

160 3073 240 3133 aute
254 3067 379 3144 omnia,
392 3067 543 3151 primarii
554 3069 645 3134 illius
656 3070 827 3154 utriusque
839 3067 938 3152 Regii
948 3068 1089 3134 Parisiis
1099 3079 1258 3136 renovata

160 3167 315 3244 collatio,
330 3167 419 3232 unde
434 3169 538 3233 allata
556 3177 616 3234 aut
635 3170 744 3254 ipsius
767 3170 908 3235 clariore
921 3171 1053 3249 notitia,
1075 3179 1136 3238 aut
1149 3173 1257 3236 varie·

161 3273 271 3334 tatum
286 3269 495 3333 accuratiore
509 3277 543 3334 et
556 3273 662 3354 magis
680 3273 843 3355 vestigata
865 3273 1084 3355 spectatione,
1099 3274 1149 3337 sic
1164 3271 1257 3336 deni-

159 3389 230 3456 que
240 3369 411 3456 judicavit
426 3389 463 3436 se
479 3389 552 3436 esse
566 3391 668 3456 posse
684 3380 811 3440 certum
827 3379 862 3440 et
876 3373 917 3439 de
931 3375 1152 3440 vetustissimi
1166 3377 1200 3437 et
1214 3373 1256 3436 de

159 3473 327 3541 citerioris
350 3473 511 3555 temporis
534 3471 753 3558 discrepantia
770 3475 806 3540 in
827 3475 1024 3542 exhibendis
1044 3473 1145 3539 Gellii
1159 3471 1255 3552 locis,

159 3595 238 3661 quae
251 3593 314 3640 nec
327 3574 396 3658 ipsi
411 3573 533 3640 scribae
555 3575 799 3656 intellexerant,
821 3585 856 3643 et
878 3579 1024 3644 editores
1044 3593 1105 3657 pro
1119 3573 1256 3638 arbitrio

160 3697 224 3744 suo
235 3675 471 3756 diversimode,
486 3683 520 3744 et
535 3685 636 3763 prout
655 3689 779 3766 captus
802 3681 923 3764 cuique
938 3677 1014 3752 fnit,
1036 3673 1256 3740 concinnave-

160 3784 242 3846 rant.
286 3775 365 3843 Hos
388 3779 515 3863 quippe
530 3779 656 3865 Regios
680 3781 829 3857 codices,
844 3785 877 3843 et
891 3775 1063 3861 precipue
1077 3773 1183 3852 illurn,
1198 3777 1256 3859 qui

161 3878 329 3944 exhiberet
343 3881 471 3963 primos
495 3888 626 3965 septem
649 3883 754 3948 libros
775 3885 809 3944 et
826 3879 878 3944 bis
897 3875 1116 3962 praepositam
1131 3873 1256 3943 Praeta-

160 3981 298 4059 tionem,
324 3981 379 4046 cui
407 3983 500 4048 solus
527 3985 636 4050 fecem
664 3985 854 4068 praebuerat
881 3975 1061 4053 salmasio,
1086 3977 1120 4042 in
1146 3981 1255 4046 oculis

160 4082 276 4160 fuisse
292 4085 383 4168 ut‘ex
396 4083 469 4150 solo
483 4085 670 4152 rectissima
688 4083 835 4164 amussis
856 4081 1044 4158 baberetur,
1073 4079 1172 4148 docet
1186 4087 1255 4146 tarn
