3014 4724
240 167 284 231 32
539 181 796 230 onnrsrrnnus
817 181 1043 231 rrrsrnnus

242 326 381 390 cautiori
396 343 493 388 manu
509 324 578 388 sint
592 325 741 406 protecta
751 323 777 387 ι’
792 325 859 388 Sed
874 331 907 389 et
921 344 982 405 ego
997 326 1144 404 memini,
1159 325 1242 392 hano
1256 346 1337 391 con-

242 429 438 492 troversiam
464 446 485 490 a
507 445 559 489 me
581 427 615 488 in
645 425 888 508 Prolegomenis
910 426 953 488 ad
979 425 1164 507 ‘vigiliam
1191 427 1337 492 Primam

244 527 405 593 Noctium
422 526 642 610 Ripensinm’
668 526 739 610 jam
755 525 921 608 qnondam
937 527 1109 609 copiosius
1125 530 1338 608 pertractari;

222 633 339 714 cujus
362 629 499 712 quidem
522 627 837 711 disceptatiuncula
860 627 934 691 haec
953 647 1083 691 summa
1097 638 1168 692 est:
1199 629 1340 694 Scilicet

243 730 379 814 quidam
398 729 526 793 Avieno
537 729 729 811 alicuipiam
744 728 916 792 Lemmata
926 735 1040 792 nostra
1051 729 1213 806 tribuunt,
1227 730 1287 812 qui
1302 730 1338 792 in

246 833 313 896 Ms.
338 829 486 914 quodam
509 829 661 894 Gellium
685 829 891 892 recensuisse
914 828 1046 903 dicitur,
1069 837 1153 893 teste
1182 829 1339 894 Fabricio

244 932 336 996 Bibl.
353 931 430 996 Lat.
444 931 466 994 l.
485 947 543 994 ιιι.
559 931 682 1011 cap.1.
699 951 733 1012 p.
748 929 824 993 599.
846 929 927 993 item
954 929 975 993 J
979 949 1030 992 ac.
1056 929 1221 1012 Schegkio
1245 931 1339 994 Prte-

243 1053 342 1099 mess.
359 1031 465 1115 Epist.
492 1048 542 1094 vr.
564 1051 652 1113 p.m.
674 1029 749 1094 899.
771 1049 850 1113 quae
876 1030 1068 1113 conjectura
1088 1029 1178 1094 haud
1205 1030 1341 1114 majoris

244 1134 399 1219 ponderis
415 1153 489 1198 esse
509 1133 589 1195 mihi
612 1130 754 1208 videtur,
782 1149 882 1212 quam
903 1150 1027 1209 eorum,
1048 1131 1107 1214 qui
1130 1130 1257 1194 ‘Vitas
1273 1131 1341 1195 Ex-

244 1235 432 1301 cellentium
456 1229 715 1316 Imperatorum'
742 1251 808 1294 non
830 1231 978 1294 Cornelii
1002 1231 1146 1315 Nepotis
1169 1251 1257 1310 esse,
1279 1233 1340 1296 sed

245 1338 288 1401 uh
304 1336 440 1400 AEmilio
456 1333 603 1418 quodam
619 1331 731 1396 Probo
748 1339 895 1414 tempore
908 1331 1089 1397 Theodosii
1097 1335 1243 1416 scriptas
1252 1353 1340 1398 som·

244 1440 388 1513 niarunt,
404 1437 537 1518 decepti
551 1434 673 1517 ineptis
688 1433 884 1517 quibusdam
902 1433 1003 1516 hujus
1019 1434 1162 1499 Librarii
1177 1436 1340 1511 versibus,

246 1541 303 1623 qni
322 1539 401 1602 vitis
416 1539 491 1602 istis
506 1536 664 1620 praemitti
680 1535 715 1598 in
738 1534 824 1598 Mss.
839 1533 945 1599 Codd.
960 1536 1082 1602 solent.
1099 1537 1145 1602 V.
1167 1535 1272 1602 Voss.
1297 1535 1339 1600 de

136 1709 144 1716 ,
248 1639 343 1702 Hist.
368 1640 446 1702 Lat.
463 1637 520 1701 lih.
542 1653 566 1700 ι.
590 1655 666 1719 cap.
681 1637 736 1700 14.
761 1656 795 1718 p.
809 1657 852 1699 m.
865 1637 920 1700 70.
940 1656 993 1720 sq.
1009 1641 1042 1701 et
1053 1637 1110 1702 Jo.
1126 1637 1242 1702 Cleric.
1266 1635 1343 1700 Art.

247 1741 327 1806 Crit.
343 1741 384 1804 P.
401 1755 456 1802 ιιι.
473 1755 503 1802 s.
521 1755 561 1802 ιι.
576 1758 607 1801 c.
620 1738 653 1802 2.
667 1738 686 1821 ᾗ
699 1737 732 1802 6.
749 1756 782 1818 p.
797 1755 841 1798 m.
854 1737 932 1800 999.
969 1737 1137 1804 Hearicus
1153 1739 1341 1822 Stephanus

247 1844 395 1927 spurium
410 1848 443 1905 et
458 1838 713 1923 supposititium
736 1856 812 1902 esse
838 1838 1020 1916 contendit,
1046 1839 1205 1924 quicquid
1224 1840 1341 1904 titulo-

247 1965 318 2008 rum
334 1951 387 2008 est
401 1937 526 2007 in‘toto
543 1939 648 2006 Gellii
663 1957 765 2022 opere
781 1959 791 2018 ;
820 1956 921 2020 quem
937 1939 1078 2020 proinde
1094 1939 1183 2005 Phil.
1201 1941 1341 2008 Carolus

247 2047 424 2112 Animadv.
440 2046 474 2110 in
489 2044 548 2108 lib.
563 2059 589 2108 1.
602 2041 707 2107 Gellii
722 2060 800 2123 cap.
817 2055 843 2103 ι.
858 2058 892 2122 p.
907 2041 940 2105 4.
956 2043 987 2104 5.
1003 2047 1035 2105 et
1055 2042 1079 2107 J
1082 2061 1135 2108 ac.
1151 2043 1341 2109 Gronovius

248 2147 512 2230 adGell.p.12.
529 2151 563 2212 et
584 2146 662 2210 ure.
685 2143 977 2208 vehementissime
1003 2145 1252 2228 reprehendunt,
1278 2143 1337 2208 sed

248 2249 296 2312 ita
310 2255 347 2310 ut
360 2249 493 2330 ipsimet
515 2247 608 2324 torte,
631 2248 662 2311 si
687 2265 741 2312 res
764 2247 849 2310 tanti
871 2251 975 2322 esset,
997 2247 1032 2309 in
1055 2246 1342 2329 reprehensionem

247 2351 410 2414 incurrere
424 2357 558 2432 queant,
572 2371 649 2414 cum
666 2350 719 2413 vel
739 2349 841 2412 nullis
854 2349 999 2425 omnino,
1012 2348 1066 2413 vel
1087 2367 1167 2412 sane
1178 2363 1279 2430 quam
1295 2346 1343 2410 le-

250 2451 394 2515 vissimis
410 2453 612 2534 argumentis
633 2449 735 2514 tidem
759 2448 956 2514 Clarissimo
981 2447 1146 2531 Stephano
1168 2446 1340 2512 detrahere

248 2553 413 2618 ridentur.
458 2553 543 2634 Ego,
565 2553 663 2616 salva
684 2551 885 2631 singulorum
909 2549 1119 2626 auctoritate,
1136 2547 1341 2627 Ιιιιιιιιιιτι,

249 2677 327 2740 quae
343 2655 443 2721 hodie
458 2655 573 2717 Gellio
588 2655 809 2728 ascribuntur,
833 2653 941 2735 ipsius
965 2651 1114 2716 auctoris
1138 2669 1212 2714 esse
1225 2651 1342 2716 nullus

248 2758 377 2834 dubito,
393 2755 609 2836 sequentibus
624 2753 791 2818 adductus
806 2754 1015 2834 argumentis,
1029 2771 1106 2836 quae
1123 2755 1157 2818 in
1171 2753 1344 2818 antedicta

249 2857 376 2938 vigilia
389 2875 465 2920 mea
479 2855 672 2938 diligentius
696 2863 861 2920 executus
887 2855 947 2933 fui,
967 2875 1035 2939 quo
1056 2856 1213 2921 lectorem
1229 2857 1343 2920 huma·

248 2957 420 3020 nissimum
435 2957 562 3038 delego.
606 2957 658 3020 En
673 2955 889 3038 argumenta!

293 3057 358 3122 ‘Si
372 3057 505 3122 Gellius
531 3057 704 3123 Lemmata
728 3056 908 3140 reliquerit,
930 3055 1120 3138 [reliquisse
1147 3061 1259 3120 autem
1285 3077 1344 3141 pa-

248 3161 312 3224 lam
327 3165 432 3224 estex
445 3160 569 3224 diserto
582 3160 689 3244 ipsius
704 3160 895 3224 testimonio
908 3159 943 3222 in
962 3155 1100 3222 Praefat.
1115 3158 1215 3237 exta]
1231 3166 1289 3224 aut
1303 3177 1344 3224 ea

250 3269 341 3341 suut,
355 3281 432 3345 quae
447 3261 548 3326 hodie
563 3269 690 3339 extant,
707 3268 765 3325 aut
778 3263 963 3344 perierunt:
998 3257 1057 3324 sed
1079 3279 1148 3324 non
1164 3261 1342 3344 perierunt,

248 3367 371 3449 [neque
386 3367 476 3430 enim
491 3365 555 3430 hoc
569 3367 701 3449 probari
717 3367 844 3448 potest]
862 3365 992 3448 Ergo-

293 3467 469 3533 Vocabula
482 3487 570 3532 nova
584 3477 642 3530 ant
656 3467 821 3549 sequioris
836 3468 901 3532 aevi
915 3467 1064 3532 indicant
1078 3485 1210 3532 manum
1226 3483 1342 3528 racen-

152 3640 154 3648 ,
249 3566 386 3633 tionem:
410 3565 456 3632 At
471 3569 645 3632 Lemmata
663 3565 766 3632 Gellii
781 3587 845 3632 non
860 3567 928 3632 illis
946 3568 1108 3634 intestata
1121 3571 1214 3632 suut:
1251 3563 1340 3648 Ergo

250 3689 311 3734 nec
327 3670 445 3734 abhuc
461 3669 622 3752 prosecta.

292 3769 403 3846 Quam
418 3791 597 3856 personam
623 3771 797 3838 Lemmata
817 3769 974 3834 Gelliana
989 3777 1157 3836 auctorem
1173 3770 1228 3832 sui
1242 3769 1342 3851 proli·

249 3873 368 3947 tentor,
384 3873 455 3954 ejus
470 3881 506 3936 et
520 3893 595 3937 osse
610 3893 651 3937 ea
664 3873 799 3939 omnino
814 3869 975 3936 credibile
989 3877 1058 3938 est:
1080 3868 1187 3953 Atqui
1202 3873 1357 3964 primam·

248 3966 381 4050 (Gellii)
395 3991 567 4052 personam
578 3973 900 4066 illa-Ergo-ss-
