3014 4724
246 184 292 250 64
622 195 745 247 tunnx
773 199 954 249 cuniculi.

278 346 304 392 4.
321 339 397 393 stod
408 343 469 402 epte
480 337 640 403 Chrysippus
650 345 679 390 et
694 341 816 412 prsplslce
834 343 968 408 imaginem
987 343 1103 397 Juetiuae
1121 347 1230 402 modulis
1245 353 1338 404 colori·

247 424 344 487 bneque
356 420 493 470 verborum
502 420 633 484 depinxit.

277 509 301 552 t.
317 502 361 551 Lis
379 507 457 565 etque
474 501 609 550 contentio
626 506 850 562 oersmmsticornm
868 505 957 556 Romus
976 506 1113 560 illustrlum
1128 523 1249 564 enerrete
1260 529 1338 580 super

247 595 308 632 essu
320 581 438 632 soeetiso
450 579 577 644 roeebnll,
594 581 663 647 quod
674 591 724 647 est,
740 585 897 650 ‘egreglus'

277 667 301 712 d.
319 659 436 712 cuimodi
450 660 511 721 elnt,
526 675 583 726 que
595 665 707 726 speciem
719 665 891 716 doetriuerum
909 668 1034 719 hebesnte
1052 671 1097 720 sed
1110 685 1193 736 neque
1206 671 1339 726 delectent

245 757 331 808 neque
342 742 493 803 nlilieeint3
509 749 587 806 etque
598 743 659 792 inlbl
669 743 703 793 de
714 745 845 796 vocubulis
864 747 1020 808 eiupulerum
1040 750 1140 800 urbium
1157 753 1339 819 regionumque

247 823 397 874 immutatis.

280 908 304 954 t.
320 903 396 956 Quod
408 903 536 953 M.Vsrro
551 902 600 952 Cn.
613 902 737 968 Pompeio
749 904 852 954 Consuli
864 905 972 970 primurn
984 906 1117 970 designeto
1128 913 1338 962 commenterinm

247 983 331 1047 dedit,
344 999 420 1051 quem
432 982 573 1047 sppsllevlt
582 983 755 1047 Isegogicnur,
771 983 804 1034 de
814 981 899 1036 officio
906 986 1018 1036 densius
1027 987 1145 1037 bebendi.

281 1070 305 1114 8.
322 1066 468 1118 Quoeeitnm
479 1077 537 1114 esee
556 1063 762 1129 dissensumque,
779 1079 811 1114 eu
830 1063 972 1129 prefectus
990 1067 1138 1117 bstinerum
1149 1082 1226 1118 eeues
1237 1077 1339 1122 creetur

245 1147 291 1211 J'us
306 1145 417 1198 Serestus
426 1145 583 1197 cenroesndi
597 1145 799 1210 consulendique
815 1145 919 1196 bebest.

539 1323 711 1375 commune
721 1321 1051 1388 ,enumeremus

281 1469 304 1514 1.
320 1463 396 1516 Quod
408 1464 434 1513 in
445 1465 478 1516 Q.
489 1462 589 1514 Cleudii
600 1461 733 1513 ennelibus
742 1461 868 1527 seriptum
879 1468 930 1526 eet,
940 1462 1036 1526 liguum
1047 1460 1158 1511 elumiue
1165 1460 1276 1512 oblitum
1288 1474 1339 1512 non

249 1544 350 1593 erdere.

280 1626 305 1672 1.
322 1619 396 1674 Quod
408 1621 485 1670 Pleto
495 1620 522 1670 iu
533 1619 614 1682 libris,
629 1635 693 1686 qnos
705 1620 738 1670 de
749 1620 851 1684 legibue
861 1620 1017 1685 composuit,
1033 1621 1156 1685 lergiures
1173 1621 1340 1687 laetiureeqne

249 1701 275 1750 in
287 1701 411 1751 conviviis
422 1701 631 1750 iurltstinucnlse
640 1701 693 1749 riui
704 1713 755 1749 non
766 1699 871 1749 inutiles
882 1713 938 1750 esee
949 1700 1146 1750 euletimsserit.

281 1785 305 1830 t.
320 1781 389 1834 stld
401 1782 439 1831 11.
452 1780 544 1831 Cicero
553 1779 587 1830 de
599 1780 728 1844 pertinuit
738 1782 788 1831 iste
799 1781 909 1832 senserit
918 1782 1114 1847 scripseritque,
1130 1795 1187 1846 que
1199 1782 1340 1845 preposite

247 1870 288 1912 est
298 1861 383 1911 serbis
398 1859 536 1924 ‘enl'upio'
551 1865 580 1909 et
595 1858 726 1910 ‘ensesue'
743 1867 771 1910 et
782 1874 813 1910 sn
825 1861 851 1909 in
865 1861 943 1911 serbo
960 1861 1098 1912 ‘autumo’
1114 1861 1205 1911 cedern
1222 1862 1273 1910 ists
1283 1862 1340 1911 bec

249 1942 399 2007 propositio
409 1955 466 1992 esse
477 1939 559 1990 sideri
572 1939 674 1991 debest.

279 2026 303 2072 ⁴.
320 2021 437 2072 llletorie
447 2021 480 2070 ds
490 2019 611 2070 Ventidio
623 2019 705 2070 Bneeo
720 2019 828 2084 ignobili
843 2020 963 2082 bomine;
980 2034 1057 2086 quens
1070 2021 1179 2085 primum
1192 2022 1225 2072 de
1236 2020 1340 2072 Pertisls

247 2103 420 2166 triumphesee
430 2100 560 2150 memorius
570 2099 691 2150 treditum
703 2107 752 2150 est.

279 2187 305 2232 n.
321 2182 435 2232 Verbum
451 2177 591 2245 ‘prodigo'
610 2179 766 2244 eplerlsque
777 2179 829 2230 dici
839 2181 984 2245 improprie
1001 2181 1152 2247 insciteque.

280 2267 304 2310 d.
321 2262 353 2310 ln
370 2261 436 2311 libro
455 2261 492 2312 Μ.
512 2258 644 2310 Ciceronis
661 2259 693 2308 ds
709 2260 792 2324 glorie
802 2261 916 2311 seeundo
927 2260 1092 2312 menifestum
1104 2277 1162 2313 esee
1173 2269 1297 2324 ereetum,
1313 2261 1339 2310 ie

247 2355 279 2392 ee
290 2351 373 2404 perte,
389 2342 416 2391 iu
428 2355 479 2407 que
489 2342 612 2406 seriptum
624 2348 752 2406 estsuper
763 2341 882 2392 Hectore
893 2342 1020 2406 etAjeee.

280 2427 305 2472 1.
322 2421 495 2472 Obserretnrn
513 2437 571 2473 esse
588 2423 614 2472 iu
632 2423 745 2486 senibus,
760 2423 828 2487 quod
840 2437 933 2472 snnnsu
944 2421 999 2472 lere
1012 2423 1097 2472 setetis
1109 2421 1213 2471 tertium
1224 2428 1253 2471 et
1263 2435 1339 2470 sese·

249 2503 373 2567 gesimum
385 2510 518 2568 egentem
534 2503 664 2554 laboribus
683 2510 728 2553 eut
744 2503 852 2553 interitu
864 2511 909 2552 eut
919 2503 994 2552 elede
1014 2502 1099 2566 eliqua
1115 2501 1282 2562 insignitum:
1300 2509 1339 2550 et·

249 2598 299 2648 qne
310 2583 373 2634 luibi
384 2597 463 2648 super
472 2585 561 2635 eedem
572 2583 753 2635 observatione
763 2583 908 2647 exemplum
920 2581 1065 2645 eppoeitum
1083 2580 1206 2643 Epistola
1224 2580 1277 2628 diei
1288 2579 1340 2630 Au·

250 2663 317 2727 gusti
327 2663 358 2712 ed
369 2663 459 2711 Culum
471 2663 557 2710 fllium.

281 2747 304 2794 e
321 2743 404 2792 lencm
416 2755 447 2789 ee
458 2741 574 2792 cretione
593 2741 712 2792 Perusini
729 2741 825 2791 veteris
836 2737 946 2790 unieris
957 2737 989 2787 de
1001 2751 1132 2788 cunerem
1141 2744 1220 2802 etque
1230 2738 1339 2788 luxurie

248 2821 458 2886 opprobretioue,
474 2835 525 2885 que
536 2835 596 2871 usus
607 2828 658 2885 eet,
668 2836 727 2872 euru
736 2822 819 2886 legem
831 2818 954 2869 liciniem
966 2818 999 2868 de
1008 2825 1093 2868 enmtn
1105 2817 1243 2867 minuendo
1252 2817 1341 2868 eueslt.

280 2905 306 2949 tl.
323 2900 399 2953 Quod
417 2900 536 2950 cecilius
556 2901 636 2965 pnite
652 2900 799 2952 ‘frontem'
818 2912 915 2964 penem
933 2897 1001 2948 uirili
1017 2911 1068 2948 non
1088 2897 1200 2962 poiitloe,
1219 2898 1264 2948 esd
1282 2911 1341 2948 eum

249 2979 399 3044 probetione
410 2987 437 3028 et
448 2993 505 3028 cum
517 2982 634 3046 eustogie
644 2981 798 3045 sppellsslt.

282 3061 322 3108 ld.
340 3057 381 3107 De
393 3059 537 3110 suluutsrlo
546 3069 573 3110 et
583 3061 734 3110 edsuireudo
745 3058 851 3108 interitu
861 3057 987 3122 uirginum
996 3056 1165 3108 Milesieurm.

281 3143 320 3188 11.
330 3138 418 3187 Verba
428 3138 646 3189 Senstuseonsultl
657 3139 690 3190 de
700 3138 832 3202 exigendis
844 3137 909 3188 urbe
918 3139 999 3188 Rcrns
1009 3137 1174 3202 pbilosophis,
1187 3137 1249 3186 itero
1262 3137 1342 3188 serbe

248 3219 327 3270 edicti
339 3233 482 3281 censorum,
498 3233 550 3283 quo
560 3220 699 3284 improbstl
710 3226 738 3271 et
748 3219 856 3272 coerciti
866 3227 934 3282 sunt,
951 3219 996 3283 qui
1014 3217 1177 3282 disciplinetur
1188 3217 1341 3268 rbetorleem

250 3300 387 3351 instituere
398 3305 425 3348 et
436 3313 561 3350 exercere
572 3301 660 3350 lineum
672 3305 817 3363 οωροτιηῐ.

284 3385 324 3430 11.
341 3381 423 3430 loom
434 3393 466 3428 ex
477 3380 592 3428 cretione
603 3379 717 3430 Grecclui
727 3379 761 3428 dc
779 3379 935 3442 pereimouis
951 3391 982 3428 ec
1001 3377 1033 3427 de
1053 3377 1182 3442 pudicitie
1192 3391 1238 3424 ens
1247 3387 1341 3425 memo·

250 3461 399 3510 tutissimus.

284 3544 324 3590 11.
339 3542 383 3591 De
395 3539 479 3590 serbis
495 3537 642 3602 inopinatis,
658 3551 715 3602 quse
734 3542 947 3603 utroqueversum
958 3537 1091 3601 dicuntur,
1105 3544 1132 3588 et
1143 3551 1158 3585 a
1168 3533 1341 3599 gremmeticie

250 3619 427 3671 ‘eommunis'
444 3625 576 3669 vocentur.

283 3705 323 3753 le.
339 3700 414 3752 Quod
433 3699 558 3750 Metellus
579 3697 732 3748 Numidicus
750 3695 860 3761 figurem
879 3697 1001 3748 cretionis
1020 3709 1112 3746 uorem
1131 3708 1164 3744 ex
1184 3691 1341 3742 ontionlbns

252 3780 351 3830 Grecis
363 3787 493 3829 mutuatus
503 3785 553 3829 eet.

283 3863 323 3907 ts.
339 3859 445 3909 ‘Persis
461 3857 539 3909 selis’
556 3865 584 3908 et
599 3857 698 3922 ‘pessis
716 3855 849 3907 menibue'
866 3855 962 3906 dixisse
971 3859 1091 3920 Veteres,
1108 3867 1159 3905 non
1171 3869 1186 3905 s
1196 3851 1277 3905 serbo
1287 3866 1342 3916 suo,

252 3937 319 3996 qnod
331 3945 380 3998 est,
398 3939 516 4002 ‘petlor,'
532 3937 578 3988 sed
590 3937 622 3986 eb
633 3939 727 4000 sileno,
742 3937 812 4002 quod
826 3943 876 3998 est,
894 3937 1015 3999 ‘pende'

285 4016 323 4060 ld.
339 4015 382 4062 De
394 4028 459 4065 noro
469 4031 563 4079 genere
574 4019 697 4068 interitus
708 4019 882 4070 crotoniensis
891 4015 1004 4067 lllilonis.
