3014 4724
229 201 292 266 ,50
633 167 755 262 runnx
780 211 960 262 osorton.

251 355 399 409 Herodotus
409 353 554 417 Halyattsn
578 366 667 416 regem
680 351 801 404 fidicinas
819 354 845 403 in
864 354 1004 417 procinctu
1020 352 1139 406 babuisse
1151 355 1245 408 ttsdlt:
1263 364 1339 424 atque

251 437 313 487 iuibi
321 434 436 500 quadam
446 441 537 484 notata
547 433 580 482 de
591 433 703 483 Gracchi
712 434 798 484 fistula
809 434 1011 484 concionstoris.

282 520 322 566 12.
340 507 521 579 VirgoVestas
534 513 596 577 quid
612 514 707 577 etatis,
719 523 746 563 ct
764 529 797 563 ex
817 515 885 578 quali
905 511 1012 576 familia,
1022 519 1051 564 et
1067 529 1117 579 quo
1129 517 1180 566 ritu
1198 517 1339 582 quibusque

249 595 401 646 cerimoniis
417 601 444 644 et
464 591 640 657 religionibus,
657 609 688 642 ac
707 609 757 657 quo
768 594 869 643 nomine
881 609 895 643 s
905 593 1035 645 Pontifice
1047 595 1162 646 Maximo
1173 597 1301 661 capiatur,
1313 605 1340 648 et

249 691 299 742 qno
320 677 409 727 statim
423 675 483 738 jure
500 687 558 724 esse
581 675 689 737 incipiat
707 674 861 739 simulatque
879 681 958 738 capta
975 681 1034 725 est:
1051 675 1180 739 quodque,
1202 682 1232 724 ut
1250 675 1340 726 Labeo

248 758 322 819 dicit,
342 769 391 808 uec
411 756 456 805 ills
474 755 598 806 intestato
623 755 743 818 cuiqnam
764 767 813 803 uec
832 754 857 803 ei
874 755 1006 805 intestato
1026 755 1160 820 quisqusm
1174 755 1236 819 Jure
1257 755 1340 806 barres

252 846 304 890 est.

281 923 321 970 ts.
337 918 481 970 Questtum
500 917 525 966 in
538 913 706 982 philosophia,
716 914 838 979 quidnam
855 913 923 965 foret
935 914 962 964 in
974 921 1082 980 recepto
1093 915 1216 966 mandato
1224 916 1338 978 rectins3

248 999 308 1049 idne
318 999 420 1049 omnino
431 996 517 1048 facere
531 997 599 1062 qnod
610 995 757 1045 mandatum
770 1002 827 1057 est3
845 1011 877 1046 an
894 1011 1074 1062 nonnunquam
1085 995 1163 1046 etiam
1175 997 1304 1060 coutra,si
1313 997 1337 1045 id

247 1093 336 1144 speres
342 1079 366 1128 ei
375 1079 419 1144 qui
429 1076 561 1127 mandarit
573 1075 659 1126 utilius
668 1073 742 1125 forez
760 1089 890 1141 superque
900 1090 931 1126 ea
943 1075 1086 1141 questione
1095 1075 1220 1141 exposite
1228 1077 1337 1126 diversae

245 1160 390 1210 sententiar.

280 1243 318 1289 14.
336 1238 404 1291 Quid
414 1237 511 1289 dixerit
527 1235 670 1300 feceritque
682 1236 711 1286 C.
726 1235 869 1296 Fabricius,
886 1249 978 1300 magna
989 1235 1029 1284 vir
1038 1235 1122 1300 gloria
1136 1237 1288 1302 magnisque
1299 1250 1339 1286 re·

246 1319 295 1369 bns
307 1319 396 1384 gestis,
408 1318 453 1368 sed
470 1316 574 1368 familias
591 1316 759 1380 pecuniaque
776 1316 860 1380 inops,
870 1330 928 1366 cnm
947 1315 971 1364 el
988 1315 1119 1365 Samnites
1139 1323 1261 1381 tauquam
1274 1317 1340 1366 iudi·

245 1401 319 1464 genti
327 1413 404 1463 grase
416 1413 503 1449 aurum
520 1397 655 1447 donarent.

278 1485 318 1530 1⁵.
334 1480 417 1531 Quum
430 1478 600 1541 importunum
612 1475 701 1543 vitium
711 1476 754 1539 sit,
764 1477 919 1541 plenumque
930 1475 982 1525 odii
998 1473 1080 1525 futilis
1099 1472 1233 1539 inanisque
1249 1477 1339 1540 loqua-

246 1560 322 1619 citas,
334 1565 362 1608 et
373 1572 449 1621 qnam
461 1557 548 1606 moltis
565 1557 591 1605 ln
605 1555 668 1606 locis
680 1571 695 1604 a
706 1555 865 1620 principibus
883 1557 1016 1621 utriusque
1032 1555 1130 1618 ¹lingue
1143 1554 1205 1604 viris
1225 1555 1339 1606 detesta-

247 1639 317 1687 tione
324 1637 399 1700 justa
411 1637 515 1700 culpata
527 1636 570 1684 sit.

278 1721 317 1766 16.
334 1716 410 1769 Quod
422 1715 502 1766 rerba
519 1716 593 1765 istrec
605 1715 769 1780 Quadrigarii
781 1731 815 1767 ex
832 1719 917 1768 anuali
932 1717 1019 1780 tcrtlo,
1042 1715 1098 1766 ‘ibi
1114 1714 1185 1765 mille
1206 1715 1338 1766 hominurn

245 1795 390 1860 occiditur,’
401 1810 451 1845 uon
461 1795 566 1844 licentia
576 1809 660 1860 neque
671 1795 704 1845 de
716 1796 850 1860 poetarum
861 1797 953 1862 figura,
963 1797 1008 1848 scd
1021 1795 1120 1846 ratione
1129 1801 1203 1845 certa
1216 1802 1243 1845 et
1254 1796 1338 1860 proba

246 1876 419 1942 grammatice
426 1875 569 1938 discipline
578 1875 647 1924 dictu
658 1883 728 1926 snut.

279 1959 319 2005 rt.
335 1957 440 2008 Quanta
466 1968 524 2002 cum
547 1955 624 2003 animi
647 1954 771 2018 equitate
790 1956 942 2006 toleraverit
961 1955 1081 2006 Socrates
1099 1955 1187 2004 uxoris
1208 1955 1337 2020 ingenium

244 2033 424 2084 intractabile:
444 2039 524 2098 atque
534 2033 609 2098 inibi,
620 2032 682 2098 quid
693 2034 732 2084 Μ.
748 2035 832 2086 Varro
846 2037 873 2086 in
883 2035 995 2102 quadam
1010 2035 1097 2086 Satira
1108 2034 1141 2085 de
1155 2033 1240 2085 officio
1251 2035 1337 2085 mariti

248 2115 390 2178 scripserit.

280 2200 320 2245 18.
342 2194 417 2246 Quod
440 2195 478 2244 M.
494 2194 580 2243 Varro
594 2193 619 2242 in
630 2193 822 2258 quartodecimo
842 2193 1019 2245 Humanarum
1036 2193 1168 2244 mintium
1189 2177 1338 2257 magistrum

248 2289 320 2324 suum
332 2275 384 2337 περὶ
394 2272 545 2334 masmim
561 2273 729 2324 disserentem
744 2273 809 2325 falsa
818 2275 1025 2340 reprehenderit,
1036 2275 1156 2341 quodque
1167 2274 1235 2326 idem
1251 2275 1333 2324 Varro

246 2354 274 2404 in
285 2353 375 2404 eodem
386 2353 450 2402 libro
459 2352 522 2403 furis
534 2352 618 2414 ἔτυμον
628 2355 693 2404 dicit
703 2353 806 2406 falsum.

278 2439 319 2484 ts.
336 2433 455 2484 Historia
466 2448 544 2497 super
554 2433 626 2484 libris
638 2435 769 2500 Sibyllinis
781 2451 812 2486 sc
824 2435 859 2486 de
873 2436 1016 2502 Tarquinio
1024 2434 1140 2499 Superbo
1153 2447 1225 2498 rege.
1297 2441 1299 2448 ’

278 2518 319 2564 10.
337 2515 405 2567 Quid
416 2523 554 2579 geometra
566 2515 654 2566 dicant
665 2517 805 2575 schemata,
816 2517 960 2584 quibusque
968 2515 1108 2567 omnisista
1119 2515 1216 2564 Latinis
1227 2513 1336 2565 vocabu·

246 2595 278 2645 lis
289 2595 462 2659 appellentur.

277 2679 317 2724 nt.
334 2673 410 2726 Qtrod
425 2673 511 2722 Julius
530 2673 640 2738 Higinus
652 2673 848 2726 sliirmstlssime
865 2675 1029 2726 contenderit
1044 2675 1140 2738 legisse
1151 2689 1180 2724 se
1195 2673 1288 2724 librum
1300 2676 1332 2726 Ρ.

245 2753 348 2818 Virgilii
369 2753 548 2813 domesticum,
569 2754 596 2802 in
623 2770 675 2820 qno
694 2755 819 2820 scriptum
840 2761 919 2817 esset,
939 2755 984 2805 ‘et
1011 2769 1056 2804 ora
1073 2754 1170 2804 Tristia
1187 2761 1334 2806 tentantnnr

245 2849 322 2885 sensu
333 2831 463 2898 torquebit
474 2833 593 2896 amaror,'
611 2849 672 2897 uon,
688 2836 757 2901 quod
769 2836 859 2900 vulgus
869 2836 977 2900 legeret,
986 2849 1055 2885 auus
1063 2833 1180 2898 torquebit
1190 2849 1279 2886 umaro.

276 2918 317 2962 22
333 2911 383 2974 An,
395 2913 437 2977 qni
449 2927 540 2962 carnos
558 2913 687 2972 defendit,
699 2923 772 2967 recte
789 2917 933 2982 Latineque
947 2916 1020 2967 diest
1034 2916 1184 2980 ‘superesse
1194 2929 1222 2965 se
1234 2915 1334 2980 eiqood

246 2991 366 3041 defendit
376 2992 392 3052 ς’
409 2999 445 3055 et,
454 2992 623 3057 ‘superesse,'
633 2997 737 3060 proprie
748 2998 809 3062 quid
822 2998 864 3048 sit.

277 3073 318 3121 itt.
335 3071 398 3122 Quis
410 3070 488 3122 fucrit
499 3075 619 3138 Papirius
630 3077 819 3142 Praetextatus,
830 3077 1003 3144 querelosius
1017 3089 1096 3126 causa
1109 3077 1273 3140 cognomenti
1284 3075 1334 3126 sit:

243 3151 401 3216 historiaque
411 3152 461 3202 ista
470 3149 639 3219 omnis'super
650 3157 741 3207 eodem
750 3158 858 3223 Papirio
865 3157 971 3223 cognitu
975 3157 1100 3221 jucunda.

275 3235 315 3284 24.
330 3232 390 3282 Tria
401 3231 595 3296 Epigrammata
607 3237 683 3286 trium
695 3246 813 3289 retenrm
831 3237 973 3304 poitarum,
982 3237 1080 3303 Nerii,
1096 3237 1195 3301 Plauti,
1205 3235 1313 3287 Pscurii
1324 3253 1333 3288 ι

242 3336 301 3386 qum
318 3319 389 3370 facta
400 3319 431 3369 ab
442 3319 511 3383 ipsis,
522 3311 646 3386 sepulcris
659 3325 773 3388 ipsorum
786 3328 869 3378 locisa
879 3335 948 3378 sunt.

155 3393 158 3400 ⁴
274 3407 315 3452 25.
333 3401 431 3453 Quibus
448 3399 534 3450 verbis
552 3403 591 3450 Μ.
613 3403 696 3452 Varro
718 3404 869 3456 ‘inducias'
891 3405 1040 3457 definierit:
1065 3406 1253 3472 quesitumque
1271 3404 1334 3453 inibi

241 3481 373 3538 curiosius,
385 3482 616 3545 quaenamratioslt
628 3482 745 3533 vocabuli
754 3487 761 3514 ‘
769 3485 949 3538 induciarum?

273 3565 313 3614 26.
330 3563 412 3612 Quem
431 3560 457 3609 iu
474 3561 577 3610 modurn
589 3560 649 3612 mibi
664 3563 761 3614 'l'snrus
778 3566 942 3632 philosophus
962 3563 1126 3632 responderit
1143 3561 1334 3626 percunctanti,

242 3657 275 3692 an
287 3643 391 3706 sapiens
402 3643 565 3691 irasceretur.

547 3797 719 3848 Commeatnrio
728 3798 826 3847 mundo
837 3797 887 3847 lsaec
897 3799 987 3853 istaut.

275 3923 298 3966 1·
317 3923 374 3973 Quo
386 3941 481 3988 genere
497 3928 585 3976 solitus
605 3927 640 3976 sit
659 3925 822 3990 philosophus
840 3925 962 3981 Socrates
978 3943 1101 3982 exet-cue
1113 3929 1265 3994 petienlintn
1276 3946 1332 3984 cot·

242 3995 309 4060 petis
321 4013 328 4048 t
346 4002 429 4065 deque
440 4005 555 4068 ejusdem
565 4007 613 4056 viri
624 4008 761 4072 patientie.
