3014 4724
238 239 281 308 28
530 247 788 299 ennrsrrnnus
814 245 1029 297 rnnsrrnus

240 399 282 460 tis
297 401 391 476 turpe
405 410 491 470 esse,
513 411 556 456 ue
571 412 612 458 ea
624 391 758 476 quidem
773 393 968 476 cognovisse
984 393 1026 457 ad
1042 394 1194 460 notitiam
1210 413 1329 478 corpo-

239 499 285 560 ris
305 497 410 559 nostri
429 494 635 578 pertinentia,
655 515 732 579 quae
754 515 819 560 non
838 495 939 560 altius
955 496 1185 578 occultiusque
1200 501 1329 560 remota

239 602 336 664 sunt:
360 617 401 662 ac
416 602 592 681 propterea
606 605 765 682 quantum
781 597 941 680 temporis
955 597 1058 661 habui
1073 595 1247 674 subsicivi,
1262 615 1331 660 me·

239 699 360 763 dicinae
375 717 510 782 quoque
525 698 711 782 disciplinae
726 698 830 763 libros
842 699 947 780 attigi,
963 717 1046 781 quos
1058 699 1241 762 arbitrabar
1255 715 1330 760 esso

238 800 382 864 idoneos
396 799 439 863 ad
454 797 663 865 docendum:
685 800 877 884 Specimina
887 801 1054 883 praecipue
1064 819 1109 862 ex
1124 799 1330 864 Erasistrato

238 909 274 966 et
289 901 498 984 Hippocrate
513 902 642 984 praebet
655 901 679 965 l.
695 917 753 965 ιιι.
774 921 805 965 e.
820 899 873 964 16.
894 917 933 964 ιι.
946 901 979 965 3.
1003 917 1113 966 xvrrr.
1132 901 1180 964 ll.
1195 906 1229 964 et
1243 914 1333 964 xrx.

238 1003 270 1068 2.
314 1002 489 1068 Postremo
518 1023 627 1089 neque
660 1003 901 1070 Gnonurnrnr
930 1008 1099 1088 expertem
1125 1021 1203 1065 eum
1226 1001 1331 1066 inisse

239 1111 382 1188 apparet
395 1125 438 1170 ex
453 1105 475 1170 l.
492 1121 515 1169 1.
529 1125 559 1170 c.
573 1106 625 1172 20.
641 1113 676 1170 et
691 1121 773 1169 xvr.
788 1106 840 1171 18.
886 1106 990 1171 Mitto
1009 1103 1164 1170 Graecam
1184 1101 1330 1166 hominis

239 1205 437 1284 doctrinam,
454 1225 520 1290 qua
542 1207 832 1272 instructissimum
853 1208 960 1272 fuisse
983 1212 1144 1271 testantur
1162 1202 1331 1268 versiones

240 1307 392 1372 locorum
405 1308 598 1374 Aristotelis
612 1315 645 1372 et
660 1309 812 1373 Platonis
825 1307 864 1394 (l.
883 1325 979 1372 xvrr.
994 1329 1025 1372 c.
1035 1307 1090 1372 20.
1106 1321 1176 1370 xx.
1189 1307 1221 1369 5.
1233 1312 1331 1387 atque

241 1406 340 1492 alibi)
353 1409 393 1473 de
408 1411 532 1494 quibus
554 1409 700 1474 Hnetins
721 1412 756 1475 in
781 1411 882 1476 Libro
903 1411 946 1474 de
968 1409 1077 1475 Oloris
1097 1406 1333 1488 Interpretibus

240 1512 286 1574 ita
306 1511 440 1594 judicat
461 1533 496 1595 p.
513 1533 558 1576 m.
573 1511 648 1576 243.
671 1511 826 1577 ‘Gellius
846 1513 993 1597 paucula
1014 1509 1187 1595 quideme
1209 1506 1331 1572 Graeoo

241 1630 401 1676 conversa
414 1613 508 1678 libris
524 1615 594 1678 suis
609 1614 765 1693 intexuit,
779 1615 837 1680 sed
852 1617 938 1680 unde
953 1622 1063 1678 tamen
1077 1613 1252 1696 probatam
1263 1609 1332 1692 ipsi

240 1711 474 1796 interpretandi
496 1716 656 1780 rationem
680 1715 778 1780 facile
800 1717 1055 1800 perspiciamus.
1100 1713 1193 1776 Loca
1214 1715 1331 1774 sunte

242 1813 383 1879 Platone
404 1823 437 1880 et
456 1812 641 1886 Aristotele
663 1817 850 1902 depromta,
871 1837 1010 1901 quorum
1031 1815 1172 1898 priorem
1194 1829 1236 1874 ea
1261 1817 1332 1874 arta

241 1917 413 1994 convertit,
436 1925 475 1982 ut
497 1920 630 1983 veroid
652 1921 756 1984 instar
781 1919 1061 2003 interpretationis
1074 1915 1190 1980 baberi
1204 1913 1331 1997 possita

240 2019 344 2098 paulo
365 2019 638 2102 indiligentiorem
660 2021 694 2086 in
715 2023 897 2104 posteriore
920 2041 957 2085 se
979 2020 1101 2103 gessit:
1124 2015 1184 2080 sed
1203 2021 1331 2080 tantum

239 2117 383 2183 licentiae
409 2121 476 2186 loci
505 2122 653 2188 brevitas
682 2122 807 2188 dabat:
851 2122 948 2188 Conl.
978 2121 1103 2204 Vigilia
1125 2137 1202 2182 mea
1225 2116 1334 2201 prima

242 2217 404 2284 Noctium
418 2219 617 2305 Ripensinm
632 2245 664 2308 p.
678 2223 731 2289 48.
776 2223 874 2289 Adde
898 2223 1168 2308 dijudicationem
1182 2219 1331 2283 locorum

241 2337 286 2384 ex
309 2319 486 2388 Comoedia
515 2325 687 2391 Menandri
708 2327 831 2394 Graeca
855 2335 889 2393 et
914 2325 1044 2392 cecilii
1065 2323 1186 2388 Latina
1206 2320 1333 2384 factam

240 2419 262 2486 l.
281 2437 320 2488 ιι.
338 2442 368 2487 c.
384 2424 439 2490 23.

285 2524 303 2610 §
320 2543 368 2592 vr.
392 2528 513 2614 Neque
534 2550 613 2596 vero
635 2531 719 2596 satis
739 2531 855 2596 habuit
871 2530 1013 2606 Gellius,
1035 2525 1188 2592 Romana
1201 2528 1331 2585 tantum

242 2636 431 2712 perreptare
453 2631 629 2709 auditoria,
652 2633 879 2698 Bibliothecae
902 2632 1023 2708 Pacis,
1036 2627 1183 2712 Trnjani,
1198 2625 1332 2690 Domus

241 2729 445 2809 Tiberiana,
472 2733 667 2798 Patrensem
688 2741 722 2800 et
739 2737 950 2802 Tiburtinam
967 2733 1118 2801 studiose
1131 2728 1332 2815 perquirere,

242 2831 289 2904 (v.
304 2830 327 2893 l.
343 2847 380 2895 v.
395 2851 425 2894 c.
439 2832 493 2896 21.
511 2849 565 2898 rx.
582 2835 633 2899 14.
649 2837 805 2904 x111.18.
828 2854 941 2901 ιινιιι.
955 2839 987 2902 9.
1005 2851 1091 2900 xrx.
1106 2832 1155 2918 5.)
1176 2852 1254 2897 cum
1269 2829 1334 2894 Fa·

242 2931 360 2994 verino
383 2932 523 3017 aliisque
545 2937 711 3019 magistris
734 2939 926 3005 domesticis
947 2941 1096 3006 literatus
1115 2935 1249 3000 fabulas
1263 2931 1334 3014 agi·

242 3035 327 3107 tare,
341 3049 417 3097 cum
431 3034 454 3099 J
457 3035 525 3100 ulio
536 3037 645 3104 Paulo
659 3043 692 3105 in
707 3043 849 3106 librariis
865 3043 985 3108 Romae
1000 3037 1184 3115 considere,
1196 3034 1245 3121 (v.
1260 3034 1283 3098 l.
1298 3049 1332 3096 vr

242 3133 274 3197 4.
291 3148 379 3198 ιιιιι.
393 3134 448 3201 29.
465 3153 579 3204 ιινιιι.
592 3139 642 3226 4.)
657 3163 733 3209 cum
748 3145 896 3210 Antonio
907 3145 1044 3210 Juliano
1058 3141 1112 3207 vel
1124 3135 1271 3222 Neapoli
1283 3135 1336 3202 rel

244 3233 397 3302 Puteolis
412 3239 635 3323 eloquentiam
649 3248 815 3326 meditari,
824 3253 869 3329 (v.
886 3265 942 3312 rx.
954 3247 1007 3311 15.
1023 3254 1058 3310 et
1071 3259 1181 3308 xvrrr.
1196 3237 1245 3323 5.)
1255 3239 1334 3321 quin

244 3336 412 3404 Graeciam
427 3360 559 3425 quoque
580 3363 646 3410 non
667 3349 798 3411 otiosus
813 3355 984 3432 spectator
998 3348 1059 3412 sed
1079 3341 1333 3410 honestissimus

244 3437 433 3522 explorator
446 3445 667 3524 perlustraret.
712 3449 781 3512 Hic
797 3451 951 3533 AEginam
965 3451 1121 3528 insulam,
1137 3447 1335 3513 clarissimis

243 3539 323 3606 viris
346 3541 547 3623 Onesicrito,
572 3547 734 3629 Philisco,
756 3551 900 3635 aliisque
922 3554 1066 3618 nobilem
1082 3571 1119 3614 se
1134 3547 1335 3633 praetervehi

242 3661 309 3707 non
321 3663 455 3726 passus,
470 3643 520 3731 (v.
540 3663 577 3710 rr.
592 3648 645 3713 21.
656 3649 777 3736 princ.)
820 3653 1001 3720 Eleusinen
1020 3651 1112 3728 vidit,
1128 3651 1185 3714 nbi
1201 3649 1335 3734 discep-

243 3745 402 3810 tationem
424 3747 489 3811 sibi
510 3767 587 3813 curn
609 3749 838 3820 Grammatico
860 3758 1073 3840 praestigioso
1096 3753 1201 3817 fuisse
1215 3751 1334 3818 refert:

242 3841 292 3922 (v.
307 3844 330 3906 l.
354 3863 436 3910 vrrr.
456 3849 565 3916 lemm.
588 3853 655 3934 10.)
676 3855 759 3922 vidit
784 3857 939 3940 Delphos
960 3865 992 3922 et
1018 3855 1215 3934 Lebadiam,
1237 3855 1334 3939 cujus

244 3940 373 4006 itineris
386 3947 525 4014 fructum
540 3957 671 4036 egregio
687 3957 784 4040 plane
799 3961 954 4041 exemplo
975 3965 1212 4023 commemorat
1225 3957 1247 4021 1.
1265 3973 1333 4022 ιιιι.

245 4063 274 4108 ⁰·
289 4043 321 4107 5·
367 4044 515 4124 Quidue
533 4054 700 4124 Athenis?
746 4061 815 4126 Hic
838 4061 927 4144 apud
951 4063 1130 4144 magistros
1151 4068 1235 4138 erat,
1256 4057 1294 4144 (l.
1309 4074 1334 4122 1.
