3014 4724
426 307 472 356 ou
497 305 585 354 vrnr
612 305 658 354 nr
685 307 1022 362 asscensorem.
1104 334 1150 352 ι.
1230 299 1271 365 37

224 451 243 533 §
259 465 312 513 ιιι.
334 449 503 535 Superest,
518 458 557 516 at
571 449 821 515 Auctoritatem
837 451 938 516 Gellii
952 459 1017 520 mei
1029 458 1192 524 adversus
1209 462 1271 524 ob-

181 555 373 616 trectatores
398 553 483 616 tueri
510 559 550 616 et
577 549 747 616 vindicare
772 568 826 614 me
851 559 1012 633 oporteat.
1055 559 1146 636 Quid
1167 561 1270 626 vorot

180 652 271 734 pium
296 652 360 716 hoc
384 655 642 738 negotiantium
666 653 731 716 Vir
758 651 809 716 Cl.
834 651 1004 718 Hearicus
1027 658 1212 741 Stephanus
1234 665 1270 727 in

177 751 258 817 Auli
271 753 374 818 Gellii
389 753 563 837 Apologia
585 753 747 818 adversus
772 751 858 817 Lod.
881 752 1004 819 Vivom
1026 758 1087 820 rite
1103 761 1181 825 olim
1196 783 1271 828 sus·

177 855 278 938 cepit,
291 873 409 938 eaque,
423 873 492 938 qne
505 871 567 938 par
580 862 644 932 est,
664 854 730 918 fide
754 865 791 918 et
809 854 979 936 diligentia
994 858 1153 940 praeclare
1165 854 1271 943 parie-

177 955 233 1020 cit.
287 955 453 1033 Ceterum,
480 975 559 1020 cum
587 961 823 1039 postestatem
854 956 1018 1023 Ludovioi
1046 959 1155 1024 Vives
1185 961 1270 1028 alius

177 1061 283 1138 atque
309 1056 400 1120 alins
422 1055 540 1140 (parco
570 1055 775 1141 nominibus)
806 1057 1002 1125 Ludovicns
1031 1059 1272 1128 Gellicmastix

179 1157 356 1233 escuem,
382 1157 439 1240 quui
453 1157 682 1223 auctoritatem
697 1157 799 1223 Gellii
821 1160 945 1224 nullius
960 1161 1127 1244 ponderis,
1143 1163 1271 1230 Noctes

179 1255 316 1323 Atticas
337 1257 430 1342 parvi
452 1257 551 1345 pretii
574 1279 653 1326 esse
676 1261 896 1344 deputaverit,
921 1263 1056 1328 adeunt
1071 1265 1175 1329 altero
1191 1283 1272 1349 qno·

181 1359 259 1426 dam
275 1359 445 1444 Stephano
459 1361 594 1428 vindice
609 1381 698 1447 opus
721 1380 794 1427 esse
808 1363 971 1443 videatur,
986 1381 1086 1449 quem
1100 1385 1161 1447 ego
1184 1387 1271 1452 prae·

180 1468 270 1526 stare
293 1479 443 1546 nequeo:
476 1465 611 1547 grauius
634 1466 670 1528 in
695 1465 756 1529 hos
783 1466 957 1550 imperitos
981 1466 1083 1532 Gellii
1114 1482 1271 1535 censores

178 1564 397 1630 animadverti
408 1583 478 1630 non
489 1583 590 1649 posse
602 1573 700 1649 puto,
714 1583 814 1649 quam
830 1568 1070 1650 signatissime
1084 1574 1118 1634 et
1131 1571 1271 1639 literates

178 1668 361 1732 senectutis
384 1668 485 1751 plena
507 1667 782 1750 peritissimorum
805 1667 838 1731 in
860 1667 943 1734 Arte
963 1667 1092 1734 critice
1114 1671 1270 1738 Virorum

179 1768 367 1834 mamonis
381 1768 423 1833 de
438 1770 629 1852 praestantia
643 1767 748 1834 Gellii
766 1777 987 1852 opponantur.
1030 1771 1198 1836 Praetereo
1213 1791 1271 1838 au·

182 1875 248 1931 tem
259 1887 337 1944 eos,
353 1889 439 1954 quos
454 1867 499 1935 V.
515 1869 554 1934 0.
575 1870 725 1936 Thomas
749 1869 848 1953 Pope
864 1869 989 1934 Blouut
1002 1871 1037 1932 in
1052 1869 1204 1935 Censura
1216 1891 1271 1936 ce·

179 1967 358 2034 lebriorum
371 1970 558 2036 Auctorum
574 1989 607 2054 p.
622 1971 695 2036 146.
708 1989 781 2053 sqq.
793 1971 865 2054 jem
878 1971 912 2032 in
921 1970 1007 2034 hanc
1020 1987 1089 2034 rem
1105 1969 1272 2052 allegavit.

179 2067 372 2134 audiantur
386 2071 498 2136 Ριιιι..
512 2072 643 2136 aanor
653 2087 749 2134 nnus
774 2073 807 2134 in
828 2070 991 2134 Annotet.
1011 2069 1055 2134 ad
1069 2071 1223 2136 Servium
1237 2093 1272 2156 p.

180 2189 225 2234 m.
240 2171 316 2236 263.
360 2175 370 2204 ‘
387 2169 658 2252 locupletissimi
683 2170 885 2252 Scriptores,
910 2171 994 2234 inter
1008 2189 1094 2254 qnos
1107 2167 1196 2237 hand
1212 2173 1273 2240 da·

180 2269 434 2338 bionumeretnr
445 2269 578 2336 Gellius
587 2271 607 2336 ι’
629 2269 713 2335 Jnc.
726 2269 825 2334 Dua.
841 2269 1120 2339 cassamusltn
1134 2289 1174 2340 ιι.
1190 2274 1272 2342 Ver.

182 2393 257 2459 cap.
272 2376 303 2443 4.
319 2395 353 2458 p.
368 2375 445 2440 231.
489 2379 500 2408 ‘
516 2371 561 2438 A.
579 2371 710 2438 Gellius
734 2372 886 2455 Scriptor
910 2373 1029 2438 nitoris
1049 2393 1090 2438 ac
1105 2375 1271 2442 monadica

182 2476 270 2542 hand
295 2471 456 2560 vulgetis,
481 2475 784 2559 elegantiarumque
806 2481 957 2540 vetentur
979 2483 1016 2539 et
1043 2479 1273 2542 memoriarum

182 2577 390 2661 plenissimus
400 2578 421 2644 ι’
434 2579 495 2644 Jo.
509 2577 556 2642 H.
569 2577 784 2642 Bmcnsnus
796 2577 840 2640 de
851 2576 1012 2659 Scriptor.
1026 2575 1115 2641 Saec.
1126 2576 1167 2641 P.
1178 2577 1273 2641 C..11.

183 2697 217 2761 p.
231 2679 285 2745 62·
328 2681 537 2763 ‘Singularis
558 2680 733 2745 thesaums
753 2679 903 2762 anfiquae
926 2677 1126 2761 eloquentiae
1152 2683 1186 2743 et
1199 2679 1273 2764 plri-

183 2780 361 2862 losophiae,
387 2780 446 2844 sed
464 2783 584 2863 paucis
607 2787 818 2864 perspectus,
832 2781 917 2844 latet
931 2780 963 2842 in
977 2778 1070 2844 Aulo
1085 2780 1212 2860 Gellio,
1232 2801 1273 2846 ne

186 2898 283 2963 quern
298 2879 497 2963 praejudicio
524 2881 672 2964 decipiat
686 2880 795 2964 Lipsii
813 2880 957 2963 iniquior
971 2877 1119 2944 Censura
1132 2881 1168 2944 in
1182 2881 1273 2948 Prae-

184 2981 276 3064 loqu.
304 2981 458 3047 Senecae:
481 2983 561 3046 item
587 2983 621 3046 in
643 2981 896 3065 Bibliographia
918 2979 1043 3045 Critica
1071 3001 1145 3065 cap.
1169 2983 1223 3049 28.
1237 3005 1271 3070 p.

184 3083 259 3147 468.
304 3079 412 3146 ‘Auli
441 3079 542 3147 Gellii
571 3081 731 3146 liberast
755 3101 889 3159 aureus,
902 3113 946 3128 -
959 3100 1066 3164 neque
1095 3085 1273 3168 quisquam

185 3184 366 3265 negaverit,
382 3201 516 3246 aureum
532 3201 608 3248 esse
628 3183 801 3267 scriptum,
824 3183 921 3266 cujus
940 3185 1139 3248 auctoritate
1153 3203 1274 3266 perpe-

186 3289 246 3350 tuo
259 3284 413 3348 nituntur
429 3289 669 3348 restauratores
692 3285 912 3368 entiqultatis,
937 3283 1129 3368 Onuphn'us
1150 3283 1274 3346 Panni-

183 3387 273 3464 nius,
301 3383 472 3468 Sigonius,
495 3384 557 3448 tto.
601 3383 716 3466 Stylns
742 3385 815 3468 ejus
841 3393 894 3476 est
914 3385 1075 3468 optimus,
1099 3399 1207 3463 neque
1230 3384 1274 3448 ob

184 3490 396 3572 antiquorum
411 3503 510 3549 usum
525 3483 760 3550 vocabulomm
772 3487 898 3553 desinit
908 3505 983 3552 esse
998 3482 1230 3550 Latinissimns
1240 3484 1274 3548 :”

185 3589 315 3656 Maur.
330 3589 571 3653 Scuooorrrus
585 3587 622 3650 in
646 3585 756 3671 Epist.
779 3589 820 3652 de
834 3588 940 3671 Figm.
965 3587 1046 3666 Leg.
1067 3583 1153 3664 Reg.
1172 3603 1206 3665 p.
1220 3581 1273 3648 64.

184 3691 344 3756 ‘Gellius
357 3689 440 3754 nulli
456 3687 625 3754 secundus
648 3687 908 3766 Grammaticus,
929 3689 958 3752 si
972 3704 1039 3749 non
1056 3683 1141 3748 tribu
1157 3683 1275 3748 Gram-

187 3793 311 3856 matice
323 3791 422 3872 longe
436 3790 634 3856 eminentior
646 3787 666 3855 ι’
688 3788 710 3853 J
713 3809 744 3854 o.
754 3789 946 3853 Burmann
959 3785 1054 3848 Pras
1066 3785 1102 3847 in
1114 3783 1273 3854 ,annotat

186 3891 229 3956 1..
244 3891 373 3956 Latina
395 3889 592 3988 Graecaeque
607 3909 683 3974 cap.
696 3890 729 3955 l.
745 3909 781 3972 p.
795 3887 870 3952 387.
915 3883 1071 3948 ‘Gellius
1084 3901 1152 3950 non
1165 3888 1275 3955 minus

187 3993 335 4060 eruditus
347 4012 444 4075 quam
459 3993 586 4070 nitidus
599 3999 633 4056 et
647 3995 824 4054 emanatus
843 3983 994 4068 Scriptor
1003 3983 1022 4050 :’
1042 3985 1120 4051 item
1133 4007 1209 4072 cap.
1223 3990 1277 4052 11.

186 4119 221 4182 p.
234 4095 309 4162 465.
331 4099 341 4128 ‘
355 4095 558 4177 'legatorum
569 4089 812 4156 eruditissimus
826 4087 870 4155 A.
887 4085 1015 4154 Gellius
1025 4088 1045 4156 :'
1068 4087 1119 4156 Is.
1132 4089 1277 4156 Casuu-
