3014 4724
224 293 268 358 88
319 309 353 356 u.
377 301 593 354 nntsnnaus
618 301 668 349 nn
692 296 781 346 νιιι
805 297 852 346 nn
876 296 996 346 annus
1022 297 1058 346 a.
1082 299 1222 348 anuuit.

228 467 350 516 nouus
365 450 400 514 in
416 447 497 512 Not.
513 445 558 510 atl
579 444 715 508 Sueten.
730 440 821 508 Caes.
838 461 870 506 o.
883 443 937 507 56.
951 461 986 524 p·
1000 459 1043 506 m·
1056 443 1110 508 7⁴.
1155 448 1166 478 ‘
1182 442 1227 508 A.
1244 441 1321 510 Gei-

227 553 295 616 lius
309 548 578 632 elegantissimus
594 544 744 626 Soriptnr
755 542 775 608 :'
796 543 878 608 item
888 543 922 607 in
934 542 1016 606 Not.
1030 543 1072 607 ad
1093 543 1321 626 Theophrasti

228 651 382 717 charact.
397 667 473 730 cap.
483 645 535 710 19.
550 665 636 728 μω.
652 644 726 708 371.
744 643 1043 708 ‘eruditissimum’
1064 643 1196 708 Jostss
1213 645 1321 710 Mne-

229 766 351 816 ouaus
366 748 409 813 ad
433 747 583 814 Nonium
606 766 640 828 p.
656 745 730 810 123.
773 744 906 810 ‘Gellii
931 745 1086 809 doctrina
1109 751 1142 810 et
1160 746 1321 828 elegantia

227 860 265 919 ut
279 851 471 918 testimonio
494 847 699 931 perhibendo
723 847 965 910 advocarentur
979 865 1002 910 a
1018 845 1050 910 N
1053 847 1130 910 onio
1157 845 1321 911 Marcello

228 955 302 1039 [qui
328 970 448 1016 nomeu
470 950 582 1032 ipsius
597 968 688 1032 saepe
711 945 950 1024 dissimulavit]
973 954 1158 1012 meruerant
1168 947 1187 1012 :'
1209 947 1320 1014 Fam.

230 1054 410 1120 Raunonn
431 1052 465 1115 in
481 1049 655 1115 Observat.
677 1049 842 1130 Philolog.
868 1047 911 1112 ad
924 1047 983 1112 lib.
998 1065 1039 1112 ιι.
1056 1048 1161 1113 Noot.
1176 1047 1277 1114 Attio.
1290 1067 1321 1112 o.

228 1155 281 1221 28.
327 1159 338 1188 ‘
354 1153 484 1218 Noctes
499 1150 639 1229 Attice,
653 1150 816 1216 eruditum
834 1148 1000 1232 politioris
1015 1151 1194 1216 literaturae
1210 1169 1324 1216 sacra-

228 1255 343 1323 rinmz'
365 1254 432 1319 Eu.
446 1253 657 1318 Punnnuus
681 1253 717 1316 in
741 1250 851 1336 Epist.
876 1251 920 1314 ad
943 1249 986 1316 G.
1002 1251 1037 1316 J.
1053 1250 1228 1329 Vossium,
1244 1251 1323 1318 data

230 1357 372 1423 lovanii
388 1372 445 1420 ιιι.
461 1353 543 1420 Kal.
568 1355 660 1436 Sept
685 1353 915 1419 oloIooxnu.
961 1353 1058 1418 ‘Hic
1082 1351 1241 1436 [Gellius]
1266 1352 1323 1417 ille

229 1459 458 1540 Scriptorum,
482 1457 541 1538 qni
563 1472 717 1536 magnam
739 1451 965 1536 Antiquitatis
988 1455 1124 1520 Partem
1151 1451 1321 1519 Noctibus

228 1559 302 1623 suis
312 1556 472 1634 illustrat,
482 1555 605 1630 vanus,
618 1555 771 1632 Latinus
783 1555 983 1621 accuratus?
1005 1555 1319 1622 01..Bottutofflus

228 1659 263 1724 in
278 1655 420 1738 Cogitat.
435 1677 467 1739 p.
483 1657 538 1722 70.
561 1661 571 1694 ⁴
585 1655 629 1720 A.
640 1655 770 1721 Gellius
784 1657 973 1722 luculentus
988 1655 1119 1722 Auctor
1130 1655 1149 1720 τ’
1172 1655 1321 1720 Sanun·

230 1772 314 1822 stus
327 1756 387 1820 lib.
403 1756 444 1820 de
459 1755 683 1822 Hellenistioa
697 1776 730 1839 p.
743 1757 798 1822 37.
842 1762 853 1792 ‘
868 1757 1110 1823 Antoninorum
1129 1775 1203 1824 aevo
1220 1755 1321 1840 Agel-

228 1861 294 1928 lius
318 1857 518 1943 politissime
543 1862 578 1924 et
602 1857 845 1938 elegantissime
873 1860 1010 1942 scripsit
1018 1857 1036 1924 :’
1066 1861 1146 1924 item
1168 1877 1245 1941 pag.
1267 1857 1321 1924 86.

229 1959 360 2046 prud
386 1978 503 2024 omnes
526 1959 628 2023 hodie
653 1957 803 2024 literatos
832 1979 893 2042 pro
918 1960 1168 2040 elegantissimo
1193 1960 1320 2026 Latinae

230 2063 370 2145 Linguae
384 2066 518 2126 anctore
532 2060 684 2138 habetur,
701 2069 737 2126 et
757 2063 837 2126 olim
861 2062 998 2128 habitus
1013 2070 1077 2141 est,
1093 2062 1284 2147 passimque
1298 2081 1320 2130 a

230 2162 470 2230 Grammaticis
484 2170 642 2246 tanquam
664 2163 813 2248 Scriptor
834 2163 976 2229 idoneus
997 2165 1133 2242 citatus,
1148 2183 1169 2227 a
1183 2165 1321 2246 quibus·

231 2265 309 2330 dam
325 2265 427 2329 etiam
442 2266 554 2330 multis
578 2267 612 2330 in
635 2265 726 2332 loeis
749 2267 946 2332 adverbum
961 2287 1058 2350 paene
1073 2263 1322 2349 transcriptus?

231 2364 290 2431 Jo.
305 2363 397 2430 Ana.
424 2363 635 2433 Flauiotus
661 2368 820 2433 Biblioth.
845 2368 919 2433 Lat.
934 2369 956 2432 l.
973 2385 1030 2431 ιιι.
1057 2387 1132 2452 eap.
1148 2369 1179 2431 l.
1195 2387 1228 2450 p.
1242 2363 1319 2438 508.

231 2471 242 2502 ‘
256 2465 302 2532 A.
317 2465 450 2532 Gellius
460 2467 628 2536 literarum
644 2477 680 2535 et
695 2470 905 2555 antiquitatis
920 2467 1160 2554 peritissimus?

274 2631 329 2698 De
344 2631 483 2716 reliquo,
499 2633 546 2698 mi
562 2634 698 2717 Ginai,
715 2651 816 2702 ossi.
833 2651 923 2700 mot.
941 2651 1050 2702 unua.
1067 2646 1297 2710 Quiuscsun.
