3014 4724
216 261 259 327 22
518 275 776 324 cnnrsrmnns
801 269 1018 324 reuersurus

218 419 384 496 Naudaeo,
407 419 466 503 qni
481 417 656 501 juventute
676 421 793 480 nostro
806 414 905 479 bonis
921 413 1058 479 addicta
1072 414 1177 478 literis
1191 415 1238 480 ita
1252 415 1309 479 de·

215 522 412 598 lectebatur,
428 531 465 584 ut
479 538 574 602 saepe
590 537 653 583 nos
672 519 706 582 in
720 518 943 582 suburbanum
962 537 1061 580 suum
1075 517 1173 582 simul
1188 517 1309 583 invita-

215 631 276 702 ret,
291 631 325 687 et
341 623 503 686 videretur
516 619 692 684 nobiscum
709 619 928 704 juvenescere
939 616 959 682 ι’
984 639 1050 701 qno
1071 618 1202 682 accedit
1216 638 1308 684 com-

215 723 447 788 mendatitium
462 721 667 786 celeberrimi
681 720 782 806 hujus
794 719 829 786 N
831 717 942 785 audrei
955 719 1107 797 Carmen,
1119 719 1307 784 Prodromo

216 820 439 890 Lambeciaoo
454 821 642 906 praetixum,

342 977 414 1045 Vix
428 987 485 1046 tue
499 987 550 1046 ter
564 981 657 1046 senis
672 985 756 1046 atas
772 989 967 1046 numeratur
981 981 1106 1059 aristis,

395 1083 534 1167 Vixque
550 1090 628 1149 tuas
643 1083 748 1150 audet
762 1085 897 1169 pingere
913 1085 1018 1152 barba
1035 1103 1157 1167 genes:

341 1183 510 1251 Attamen
525 1185 591 1251 ista
605 1185 691 1250 sucis
704 1216 786 1232 ·-—

256 1326 357 1406 Quod
373 1327 403 1392 si
417 1327 568 1411 longiora
588 1327 725 1396 vivendi
743 1331 853 1414 spatia
868 1327 1050 1394 [lambecio
1064 1335 1182 1392 namra
1198 1325 1308 1391 dedis-

213 1437 276 1508 set,
291 1449 356 1494 non
378 1429 506 1508 dubito,
521 1431 603 1516 quin
625 1433 751 1498 alteras
774 1452 875 1497 curas
899 1432 1067 1496 memoriae
1087 1429 1192 1494 Gellii
1215 1428 1307 1492 illus·

213 1533 340 1600 trandae
355 1532 583 1616 impendisset.
629 1533 768 1599 Interim
784 1554 862 1600 cnm
877 1533 910 1597 in
926 1529 1189 1617 praestantissimi
1203 1527 1305 1612 hujus

211 1634 384 1717 scriptoris
408 1634 477 1698 vitu
491 1633 716 1717 consignanda
730 1633 886 1719 Apellem
908 1634 1058 1699 imitatus
1075 1633 1217 1709 videtur,
1235 1630 1305 1714 qui,

212 1741 250 1799 ut
264 1733 384 1799 Cicero
399 1735 446 1800 ait
459 1735 517 1800 lib.
534 1751 559 1799 1.
575 1735 618 1801 ad
636 1735 730 1802 Fam.
748 1735 857 1819 Epist.
878 1751 933 1800 rx.
957 1733 1122 1798 ‘Veneris
1143 1739 1249 1816 ceput
1271 1739 1306 1796 et

212 1857 344 1902 summa
356 1842 494 1920 pectora
506 1835 710 1920 politissima
723 1845 795 1902 erte
810 1837 964 1920 perfecit,
978 1834 1140 1918 reliquam
1151 1833 1304 1916 corporis

210 1945 343 2022 partem
358 1937 549 2004 inchoatam
566 1937 697 2022 reliquit
706 1937 732 2018 3’
756 1937 838 2002 nibil
854 1936 1049 2002 offensionis
1064 1955 1119 2000 me
1133 1953 1177 2000 ex
1191 1951 1232 2000 eo
1246 1933 1305 2000 ba-

210 2041 353 2111 biturnm
368 2039 513 2119 conlido,
528 2041 557 2104 si
572 2059 644 2120 eas,
657 2061 734 2126 qum
750 2042 784 2105 in
799 2041 917 2107 tubula
934 2037 1157 2105 [lambeciana
1169 2056 1306 2104 menum

211 2140 383 2224 postulare
398 2141 564 2221 videntur,
587 2149 701 2226 partes
720 2143 854 2228 exequi,
868 2141 1006 2224 suisque
1021 2137 1148 2205 umbris
1162 2146 1197 2205 et
1210 2139 1305 2204 lumi·

209 2241 308 2306 nibus
323 2261 440 2308 ornare
455 2243 597 2324 adnitar,
613 2251 651 2310 ut
664 2245 851 2311 clarissimo
872 2240 1000 2308 nomini
1021 2240 1191 2320 Gelliano,
1214 2239 1303 2326 qnod

210 2360 285 2408 tero
299 2342 478 2409 semidocti
491 2344 586 2429 vulgi
601 2347 718 2412 oculos
732 2349 769 2411 in
780 2367 818 2412 se
830 2346 1004 2422 convertit,
1016 2363 1100 2408 snus
1111 2343 1228 2421 bonos,
1242 2360 1304 2408 sna

208 2443 368 2530 majestas
383 2451 529 2513 constet.

253 2545 272 2630 §
288 2561 310 2609 ι.
334 2543 373 2612 Si
397 2553 515 2633 ‘turpe
529 2546 606 2625 est,'
630 2553 668 2612 nt
689 2545 818 2612 Gellius
841 2555 953 2614 noster
970 2545 1102 2631 judicet
1121 2543 1142 2608 l.
1158 2561 1208 2608 ιι.
1223 2563 1255 2612 c.
1271 2546 1303 2610 1.

209 2647 399 2712 ‘bominem
413 2667 481 2712 non
496 2667 558 2712 sno
572 2647 706 2711 nominc
726 2649 920 2732 appellare‚'
936 2649 1007 2735 jam
1030 2649 1171 2732 primum
1187 2647 1221 2710 in
1236 2645 1304 2711 bis·

208 2749 293 2812 toria
307 2751 423 2811 nostre
443 2745 614 2829 negotium
630 2747 727 2813 nobis
751 2755 815 2827 est,
836 2757 875 2815 nt
895 2771 1007 2816 verum
1021 2748 1181 2815 Auctoris
1195 2748 1303 2813 nostri

143 2850 147 2858 '
208 2867 339 2925 nomen,
355 2848 443 2932 qnod
458 2848 622 2914 hactenus
637 2851 768 2934 ingenia
790 2851 985 2918 Criticorum
1008 2854 1091 2918 inter
1110 2871 1149 2917 se
1163 2850 1303 2916 commi·

208 2949 265 3024 eit,
278 2950 422 3015 breviter
435 2951 655 3018 excutiamus.
700 2953 834 3020 Primus
850 2955 903 3019 vel
919 2975 993 3020 oum
1008 2955 1125 3040 primis
1145 2951 1302 3039 Agellinm

209 3049 353 3116 scribere
372 3051 478 3135 jussit
495 3053 633 3139 Lipsius
654 3055 677 3120 l.
694 3073 745 3122 vr.
770 3055 903 3136 Quaest.
919 3055 1061 3140 Epistol.
1077 3075 1154 3139 cap.
1176 3053 1208 3119 8.
1223 3072 1300 3137 quae

207 3151 353 3218 novandi
366 3151 473 3219 libido
487 3165 612 3240 praeter
626 3159 712 3226 elios
726 3160 927 3226 Salmasinm
940 3177 1073 3244 quoque
1086 3156 1239 3234 incessit,
1251 3157 1301 3221 uti

209 3255 306 3322 video
323 3275 368 3320 ex
381 3255 484 3342 bujns
502 3259 660 3326 inchoato
677 3261 711 3326 in
734 3262 917 3327 Arnobium
933 3259 1185 3336 commentario,
1200 3277 1300 3342 quem

207 3377 308 3422 manu
324 3379 385 3424 sna
406 3358 607 3444 descriptum
631 3361 846 3428 fidelissimus
866 3359 1047 3446 qnondam,
1069 3380 1157 3426 nunc
1178 3361 1300 3424 beatus

207 3459 336 3525 amicus
360 3459 526 3526 Nicoleus
551 3461 670 3527 Petrus
691 3463 832 3527 Sibbem
858 3462 939 3527 mibi
968 3461 1113 3540 miserat,
1137 3465 1251 3543 postea
1277 3477 1300 3522 a

207 3559 433 3628 celeberrimo
462 3583 538 3628 meo
564 3563 719 3631 Fabricio
748 3567 783 3630 in
813 3563 990 3630 Volumine
1018 3579 1059 3628 ιι.
1088 3561 1234 3644 Operum
1260 3557 1297 3639 S,

206 3661 386 3750 Hippolyti
402 3685 480 3750 pag.
500 3667 675 3733 tna-134.
692 3669 912 3753 publicatum.
956 3663 1023 3731 Sed
1034 3658 1298 3744 enimqnomodo

206 3767 308 3831 tentis
318 3767 426 3832 oculis
437 3775 562 3835 tantam
577 3769 753 3852 caliginem
766 3769 894 3832 incuria
906 3767 1114 3833 librariorum
1126 3759 1297 3826 offundere

206 3869 363 3947 potnerit,
383 3889 446 3952 ego
468 3873 622 3955 profecto
640 3893 706 3938 non
729 3873 840 3936 video.
884 3869 975 3949 Quid
990 3867 1102 3931 multis
1116 3883 1204 3948 opus
1219 3865 1297 3928 esti

206 3963 440 4032 Adulteriuum
454 3991 529 4037 esse
544 3993 667 4039 nomen
683 3970 813 4060 Agelttt,
829 3989 942 4036 verum
960 3973 1075 4035 contra
1090 3963 1169 4030 Auli
1186 3962 1296 4043 Gellii,

201 4065 273 4156 jam
298 4065 475 4132 luculenter
502 4081 679 4158 utrumque
702 4075 886 4140 docuerunt
905 4069 1110 4136 Lambeoius
1126 4075 1158 4135 et
1177 4065 1298 4134 Petrus
