3014 4724
234 219 277 285 2⁰
496 233 627 310 ticoni
651 231 833 282 cncnovrr
859 231 1064 282 r‘nnrnrro.

234 378 314 454 adeor
335 379 498 444 confertur
513 397 590 442 curn
604 381 711 460 σειραῖς,
726 383 762 440 et
783 385 883 452 reete,
905 395 970 441 non
993 396 1067 441 cum
1091 375 1198 460 γένους,
1219 399 1240 444 a
1258 400 1326 463 quo

235 489 286 547 est
306 482 433 546 abcisa.
478 481 557 543 Sive
579 481 627 544 ita
644 478 843 544 Holstenins
865 479 938 542 sive
963 477 1096 542 Gudius
1118 481 1326 563 scripserint,

234 587 433 668 scripserunt
446 581 571 664 aliquid
588 582 754 658 vitiosum,
766 581 852 645 sicot
861 581 1018 644 vitiosum
1029 601 1113 644 nunc
1129 601 1327 665 expressum

233 687 335 770 typis,
352 702 457 766 nequo
471 682 541 746 illis
555 682 654 747 credo
669 685 716 746 ita
731 683 764 744 in
779 680 963 764 exemplari
976 679 1067 745 Msto
1077 687 1205 757 extare,
1218 703 1329 768 neque

234 786 382 853 sive‘boc
397 790 492 850 extet
508 785 645 863 editum,
669 785 742 848 sive
764 785 961 866 ignoratum,
984 783 1167 867 quicquam
1182 785 1327 864 interest,

233 889 316 972 quia
329 892 380 951 est
394 885 502 950 nihili.

278 991 332 1055 De
345 989 478 1054 nomine
491 987 526 1052 id
541 1007 679 1072 possum
693 985 819 1064 testari,
834 1005 908 1051 esse
922 984 956 1051 ln
972 984 1183 1051 Bibliotheca
1193 989 1328 1070 publica

233 1092 477 1160 vetustissimas
491 1087 699 1154 membranas
708 1088 840 1171 Virgilii
854 1107 930 1153 cum
945 1089 1193 1154 commentariis
1208 1090 1328 1168 Servii,

187 1237 192 1248 ·
231 1195 268 1260 in
297 1194 419 1277 quibus
442 1193 533 1256 circa
554 1191 648 1254 finem
669 1190 746 1254 libri
770 1189 875 1273 quinti
899 1188 1024 1252 diserte
1047 1189 1202 1252 scribitur
1227 1198 1329 1271 prout

234 1297 334 1361 etiarn
363 1311 526 1357 excusum
553 1299 603 1356 est
627 1289 728 1354 Actor
756 1287 889 1367 Gellius,
917 1289 975 1354 sed
1000 1289 1123 1353 ibidem
1151 1290 1185 1356 in
1208 1310 1328 1369 vacuo,

234 1395 323 1480 qnod
333 1400 425 1478 patet
435 1395 521 1458 inter
535 1393 616 1457 duas
630 1392 816 1469 columnas,
828 1391 985 1475 ascripsit
998 1391 1165 1455 recentior
1178 1389 1329 1477 agellius.-

233 1496 322 1562 nnde
344 1495 451 1578 liquet
472 1511 632 1556 manuum
651 1492 749 1556 ludus
764 1499 801 1556 et
813 1511 1008 1576 progressus
1023 1493 1153 1570 erroris,
1168 1513 1243 1557 cum
1258 1513 1329 1577 per·

232 1596 308 1660 inde
331 1595 381 1659 sic
406 1602 503 1660 extet
525 1593 651 1660 ibidem
666 1593 827 1658 Lucanus
841 1595 976 1658 omnino
992 1595 1247 1674 vetustissimus,
1271 1597 1328 1660 cni

234 1697 472 1780 prescriptum
484 1701 538 1760 est
553 1691 746 1762 Manneiusr
767 1695 884 1778 etjam
908 1696 943 1758 in
969 1695 1045 1778 ipso
1060 1695 1171 1761 Gellio
1186 1700 1235 1761 sic
1251 1717 1329 1780 pro-

234 1797 392 1864 duximus
419 1794 532 1862 Cetius
557 1793 673 1860 Gallos
696 1816 740 1861 cx
765 1797 851 1861 libro
878 1795 999 1878 Regio,
1015 1803 1050 1862 ut
1066 1799 1098 1862 is
1112 1800 1157 1863 sit
1170 1800 1329 1882 protritus

233 1919 310 1964 mos
323 1902 356 1963 in
374 1899 488 1977 Mstis,
504 1899 708 1983 quodetiam
735 1898 884 1963 suboluit
906 1897 1040 1962 Mureto
1060 1899 1120 1964 lib.
1138 1916 1194 1964 x1.
1217 1901 1329 1983 Epist.

234 2002 268 2066 6.
282 2001 324 2066 ad
341 2000 513 2066 Git'onium
528 2019 574 2064 ex
594 1999 800 2064 Pandeotis:
832 2007 934 2082 atque
953 1999 1080 2064 idcirco
1104 2001 1165 2065 illa
1187 2023 1262 2086 qure
1285 2004 1329 2066 ab

233 2102 315 2167 viris
330 2101 438 2166 doctis
463 2104 542 2164 sunt
564 2100 738 2166 elaborata
760 2099 803 2164 de
822 2099 971 2164 auctoris
985 2101 1131 2178 nornine,
1146 2122 1233 2166 nunc
1249 2103 1328 2168 addi

234 2221 443 2285 nequaquam
465 2202 530 2266 fuit
551 2221 703 2281 necesse,
728 2203 820 2267 siout
843 2202 888 2266 ob
913 2200 1034 2266 molem
1058 2201 1158 2285 hujus
1172 2203 1329 2269 editionis

238 2303 336 2366 ctiam
349 2304 469 2368 omitto
484 2303 607 2369 addere
635 2303 917 2370 Dissertationem
936 2302 1114 2368 Paternarn
1129 2305 1170 2368 de
1186 2305 1329 2387 Populis

237 2403 378 2482 Fundis,
391 2423 492 2489 quam
506 2411 604 2470 antea
618 2405 854 2470 constitueram
875 2409 1059 2469 annectere.
1103 2405 1147 2470 Et
1168 2407 1239 2470 haec
1254 2409 1329 2489 qui·

236 2505 311 2570 dem
326 2508 439 2571 omnia
451 2524 497 2569 ex
511 2506 586 2570 solo
610 2523 723 2569 amore
746 2503 859 2582 Gellii,
875 2523 943 2587 quo
967 2525 1041 2568 eum
1062 2524 1255 2590 prosequor,
1270 2510 1329 2591 qui

234 2609 338 2672 multa
351 2627 405 2670 me
421 2605 547 2680 docuit,
561 2605 681 2668 multas
704 2623 828 2669 suares
854 2607 954 2670 horas
976 2607 1143 2689 praestitit,
1164 2609 1329 2673 crebram·

235 2727 301 2789 que
315 2706 491 2770 materiem
505 2703 625 2766 mentis
635 2705 751 2768 inutili
762 2705 965 2788 cogitatione
980 2707 1199 2789 exercendae3
1220 2716 1328 2792 utque

237 2823 400 2889 agnoscas
415 2823 484 2888 qua
499 2805 624 2869 ratione
636 2805 679 2870 ad
690 2805 835 2872 Gellium
844 2808 1020 2890 legendum
1031 2810 1202 2892 pervenire
1212 2831 1328 2894 queas,

234 2925 334 2989 quem
359 2906 514 2990 profecto
540 2907 615 2972 istae
639 2909 768 2991 priores
789 2909 958 2974 editiones
970 2909 1146 2992 legendum
1162 2931 1228 2976 non
1243 2931 1329 2994 prar-

234 3009 324 3086 bcnt,
340 3009 399 3072 sed
414 3010 582 3074 variorum
595 3007 802 3088 ingeniorum
817 3013 878 3076 sub
892 3014 978 3076 tanti
1002 3011 1065 3076 riri
1079 3013 1197 3076 umbra
1211 3012 1329 3095 jocan-

236 3109 320 3174 tium
347 3111 578 3193 asperitatem:
615 3129 717 3193 quam
746 3112 913 3194 detergere
942 3113 1036 3195 ipsas
1065 3111 1235 3192 decuerat,
1263 3115 1329 3178 nisi

237 3211 327 3294 quod
343 3211 386 3277 ad
398 3211 519 3278 frivola
529 3230 591 3276 nec
605 3213 722 3295 ignota
736 3221 773 3278 et
792 3211 904 3278 Gellio
917 3233 985 3277 non
997 3213 1096 3278 utilia
1111 3232 1248 3297 operam
1262 3233 1329 3279 non

235 3313 455 3378 necessariam
479 3321 580 3397 atque
602 3312 831 3379 illaudabllem
849 3315 1014 3398 pertinere
1028 3315 1222 3382 maluerunt.
1264 3315 1329 3382 At·

238 3417 367 3497 quella
380 3415 478 3482 Vale.
