3014 4724
638 232 840 284 usurario.
1266 223 1288 290 7
1335 257 1337 260 -

194 377 312 442 eadem
333 375 468 460 legitur:
492 377 634 444 ‘Emlns
659 395 681 442 a
702 397 756 444 me
772 393 883 442 xxiv.
898 381 1018 448 solidis
1032 381 1289 448 Turonensihur

196 478 340 544 Parisiis
352 498 375 544 a
386 480 595 566 typographo
610 477 769 546 Vasceuo
782 479 847 546 Aa.
862 481 967 548 1588!
1011 483 1153 550 Additur
1167 483 1229 550 scd
1244 485 1289 548 ab

199 582 282 646 alio:
305 579 453 647 ‘Munus
484 579 527 647 Ο.
556 579 698 665 Georgii
728 580 911 648 Obrechtiss
953 582 1053 648 Liber
1078 587 1131 651 hic
1158 586 1202 650 ad
1234 605 1289 650 me

196 687 346 764 pervenit
366 704 413 752 ex
434 685 638 752 bibliotheca
665 683 934 768 Berneggeriane
955 703 1091 750 munere
1111 686 1289 754 hoerednm.

197 785 240 850 Et
253 786 286 850 iu
301 787 410 854 fronte
425 805 528 854 manu
543 787 747 872 Bemeggsri.
762 786 864 854 hahet
887 787 1037 872 ascripta
1054 787 1139 852 ista:
1162 787 1290 859 ‘Geor-

196 888 273 970 gius
300 888 493 954 Obrechtns
512 887 606 952 luris
630 889 800 954 studiosus
821 887 1114 971 Argentomtcnsis
1136 885 1292 956 Codicum

197 989 288 1056 huuc
306 989 373 1056 dds.
387 1009 433 1054 ex
447 990 652 1059 bibliotheca
666 991 778 1073 magui
791 991 844 1056 sui
858 991 971 1074 patrui
981 989 1119 1072 Georgii
1132 987 1295 1055 Obrechti

197 1089 276 1175 (qui
298 1111 376 1156 eum
398 1090 540 1158 Parisiis
563 1093 643 1160 clim
664 1093 759 1172 emit)
780 1101 955 1178 acceptum
977 1095 1161 1178 exemplari
1181 1095 1296 1162 Taciti

200 1213 321 1258 recens
346 1195 427 1260 editi
451 1216 581 1264 raecum
609 1199 812 1282 permutavit
838 1219 953 1266 mense
981 1201 1078 1267 Julic
1103 1199 1172 1265 An.
1198 1200 1296 1266 1638.

203 1293 366 1362 Matthias
381 1298 633 1383 Berneggoms.'
675 1301 801 1368 Graeca
824 1303 860 1368 iu
881 1304 995 1369 multis
1017 1303 1103 1370 locis
1116 1323 1180 1369 uon
1192 1301 1297 1368 hahet

201 1399 359 1483 ascripta,
381 1401 441 1466 sed
464 1421 578 1470 eorum
600 1404 680 1470 loco
697 1405 923 1489 relinquuntur
937 1405 1005 1470 sere
1019 1407 1162 1474 lacunae·
1206 1401 1295 1483 Qus

200 1502 351 1586 ascripto
364 1511 454 1583 suut,
468 1524 511 1571 ea
525 1506 637 1590 palam
651 1525 673 1572 a
686 1527 787 1572 manu
809 1507 942 1574 diversa
955 1527 1032 1574 esse
1047 1505 1297 1591 deprehendun-

200 1610 263 1684 tnr,
282 1614 328 1686 et,
349 1613 387 1676 ut
411 1609 576 1692 suspicor,
591 1609 697 1688 illius,
724 1611 964 1696 cujuscumque
994 1611 1127 1678 tandem
1150 1609 1297 1678 Joennis

201 1707 321 1787 Lunre,
344 1717 481 1796 propter
503 1729 625 1786 canem
649 1719 729 1778 unte
751 1715 979 1780 memoratas
1006 1713 1143 1778 Initium
1165 1713 1297 1796 ubsque

202 1810 334 1878 nomine
362 1813 509 1880 auctoris
532 1831 574 1880 ac
604 1816 804 1896 argumentis
828 1815 905 1879 lihri
926 1815 1027 1896 primi
1047 1815 1168 1878 hebet:
1194 1814 1300 1892 Quali

201 1913 419 1996 proportione
443 1915 635 1999 quibusque
658 1917 926 1993 collectionibus,
942 1919 1003 1980 huc.
1051 1914 1117 1977 His
1131 1913 1301 1996 subjungi·

202 2020 256 2082 rur
276 2021 408 2094 textus,
430 2023 530 2098 atque
552 2019 602 2082 sic
624 2018 774 2083 inlibris
795 2020 924 2084 ceteris.
968 2015 1062 2080 Libri
1084 2013 1197 2078 octavi
1210 2013 1302 2079 nullu

201 2121 324 2182 extum
349 2125 551 2196 argumenta.
597 2118 671 2184 Nec
692 2120 794 2184 ullius
819 2119 896 2184 libri
916 2117 970 2182 vel
991 2115 1167 2198 inscriptio
1188 2113 1303 2197 aliqua

205 2216 261 2280 vel
282 2233 452 2282 numerus.
497 2218 631 2283 Desinit
664 2221 700 2284 in
727 2220 787 2284 lib.
811 2233 894 2282 xvi.
920 2218 1031 2302 capite
1054 2215 1143 2300 quod
1164 2215 1300 2299 incipit:

206 2319 367 2386 ‘Cincius
388 2319 423 2384 iu
443 2317 530 2384 libro
553 2321 674 2400 terti0,'
696 2319 786 2404 quod
811 2327 865 2384 est
884 2319 996 2402 ipsum
1013 2326 1158 2384 sextum.
1200 2315 1301 2382 Adde

203 2421 308 2488 biset
321 2421 497 2504 specimen
519 2421 699 2486 lectionum
721 2422 897 2486 ranarum.
940 2419 996 2485 'l'u
1017 2419 1094 2485 hinc
1119 2418 1245 2484 rideris
1259 2437 1302 2484 an

205 2522 370 2607 prodesse
390 2523 452 2589 tihi
478 2531 591 2607 queat.
636 2524 674 2588 Si
699 2523 888 2600 existimes,
912 2539 1049 2605 operam
1071 2520 1170 2596 daho,
1190 2528 1229 2583 ut
1243 2537 1303 2602 per

205 2625 310 2690 tldnrn
325 2624 480 2709 aliquem,
503 2643 604 2709 quem
626 2625 770 2710 primurn
791 2631 922 2708 potero,
945 2625 1058 2707 ipsum
1077 2621 1232 2688 codicem
1244 2619 1304 2686 tihi

206 2728 346 2792 mittam.
389 2725 526 2792 Utinam
549 2727 743 2812 aperuisses
763 2726 860 2809 prius
884 2733 1027 2792 mentem
1050 2731 1155 2803 tuam,
1177 2723 1305 2808 potuis·

209 2845 282 2892 seni
299 2827 372 2910 jem
394 2845 455 2910 per
479 2826 570 2893 Nob.
593 2827 637 2893 D.
660 2826 840 2892 Heinsium
864 2827 1010 2903 misisse,
1033 2826 1090 2909 qui
1112 2824 1178 2890 hcc
1194 2825 1304 2890 oneris

208 2931 243 2998 iu
265 2947 304 2994 se
329 2935 388 2994 tue
409 2947 516 2994 ceusu
538 2931 612 2996 sine
634 2931 738 2996 dnbio
760 2930 943 3014 recepisset
962 2929 1188 2994 libentissime.
1232 2925 1304 2992 Fac

208 3041 323 3100 temen
337 3038 377 3097 ut
390 3031 424 3096 in
438 3039 588 3116 tempore
607 3049 805 3115 cognoscam
820 3031 1023 3096 voluntatem
1038 3027 1147 3096 luam'
1191 3027 1305 3109 Quam

210 3135 335 3200 eximie
346 3133 543 3200 benevolum
556 3133 783 3219 prolixitatem
798 3152 877 3198 cum
892 3135 993 3199 rebus
1010 3133 1228 3217 approbatam
1243 3149 1305 3194 ex·

212 3237 374 3320 periretur
387 3233 503 3312 Pater,
517 3234 571 3300 his
585 3236 694 3301 serbis
707 3253 784 3302 enm
804 3240 862 3302 est
877 3241 1078 3318 prosecutus
1099 3235 1210 3319 pridie
1226 3231 1305 3296 Kal.

211 3337 316 3404 Marc
333 3351 393 3402 oro
406 3351 466 3402 roo
479 3335 686 3403 brinnando
697 3337 740 3403 de
751 3338 827 3422 ipsc
838 3337 956 3404 codice
968 3337 1165 3402 instrueris:
1186 3331 1307 3416 ‘blag-

211 3458 336 3527 nopcre
359 3437 552 3504 demeruisti
575 3456 643 3516 me,
670 3438 706 3504 S.
728 3439 769 3506 P.
791 3457 866 3506 cunr
889 3439 1035 3506 Gellium
1054 3439 1089 3503 in
1106 3433 1307 3501 membranis

210 3561 344 3612 mecum
370 3539 635 3622 communicasti,
662 3541 741 3608 nibil
770 3549 819 3609 tot
843 3551 1001 3610 terrerum
1028 3533 1181 3620 tantique
1205 3535 1308 3600 meris

212 3641 372 3731 periculis
393 3641 579 3710 deterritus.
625 3642 704 3710 Non
728 3663 770 3709 ea
790 3644 925 3728 quidem
940 3649 1025 3708 setar
1039 3635 1228 3713 voluminis,
1242 3633 1309 3702 nori

214 3747 312 3825 tides,
327 3751 366 3811 ut
378 3745 493 3812 multis
511 3745 556 3812 sd
577 3746 755 3832 pristinum
770 3746 893 3812 faciem
906 3737 1116 3808 restituendis
1129 3737 1312 3806 auctorite·

218 3847 613 3934 temldcneampraestet:
634 3849 737 3914 hebet
750 3851 860 3912 tamen
873 3838 1088 3924 aliquidem
1105 3835 1262 3919 Veneris,
1275 3845 1310 3906 et

219 3955 297 4034 pust
309 3949 446 4016 medum
458 3969 596 4036 quoqne
605 3951 729 4036 jurent
749 3946 823 4014 hcec
846 3942 962 4009 dictis
1006 3939 1082 4006 Scir
1096 3941 1185 4008 utin
1199 3941 1310 4016 Livio,

218 4051 358 4130 Seneca
385 4051 512 4130 Pliulc,
535 4051 790 4136 archetyporum
818 4045 1079 4114 lectissimorum
1105 4040 1311 4114 uelamentis
