3014 4724
549 211 670 262 INDEX
697 213 875 265 cesluutt.
1211 208 1254 272 67

195 361 221 407 t.
236 354 326 407 verbe
346 355 401 405 hee
423 361 457 404 ex
477 351 569 404 Atluis
587 353 654 415 lege.
671 363 756 405 ouon.
773 363 944 405 sususnsust.
962 370 1033 410 surr.
1053 367 1126 412 essm
1141 373 1199 412 uss.
1217 376 1253 413 se.

163 447 266 488 ussus.
282 445 457 486 somnusque.
472 445 546 484 urso.
580 433 611 483 Ρ.
627 432 732 495 Nigidio
744 440 772 482 et
784 433 819 484 Q.
834 433 955 484 Scenolu
966 438 1020 487 vise
1030 454 1086 492 esse
1100 456 1152 494 nun
1169 443 1252 495 miuus

164 513 199 563 (le
210 515 430 578 pretermittere,
444 528 519 579 qnsru
531 513 564 562 de
575 511 665 563 futuru
675 513 784 563 ussisse.

195 597 219 642 8.
235 593 266 644 lu
276 593 435 646 temonibus
446 591 514 658 sputi
525 605 640 642 meusssn
650 593 729 642 'l'enri
741 592 892 657 Philosophi
906 595 986 658 quusi
1004 597 1145 664 agitarique
1163 603 1251 666 hujus·

163 672 228 724 nodi
239 675 325 732 reum.
339 689 386 728 cur
396 674 481 724 oleum
493 687 563 737 sepe
574 671 695 736 miselle,
706 672 766 722 vius
778 673 861 724 serlus
872 675 1064 738 congelascunt,
1074 687 1173 730 emtum
1183 683 1251 732 hunt

161 751 215 802 fere
230 768 353 819 unquem,
362 761 391 804 et
401 752 472 818 quod
484 767 556 816 sqm
566 750 701 802 fluviorum
712 750 872 818 foedumque
883 753 1019 820 durentur,
1034 769 1104 806 mese
1124 759 1181 821 gelu
1199 775 1250 812 nou

161 831 277 885 duretur.

192 917 216 962 9.
235 913 281 963 De
302 913 597 975 monimentumque
618 911 645 962 iu
668 913 697 964 C.
708 913 818 965 cestris
829 913 956 979 Epistolis
977 915 1153 979 reperiuntur,
1168 917 1252 982 deque

161 991 217 1042 silis
236 993 406 1042 elsudestiuis
427 991 510 1041 literis
528 1004 562 1042 es
584 997 671 1044 retest
691 993 797 1046 ltistoris
816 995 919 1060 petit'u:
945 999 973 1044 et
991 995 1053 1060 quid
1069 997 1204 1058 ‘scytsle'
1220 1001 1253 1048 sit

160 1069 329 1124 ‘Lseoulcu'
915 1107 918 1116 .
1179 1075 1181 1084 ’

195 1154 235 1202 ill.
251 1150 320 1203 Quid
332 1149 363 1200 de
373 1149 490 1200 uersibus
499 1151 599 1215 Virgilii
610 1153 752 1204 Perusinus
762 1154 927 1218 existimsrlt,
944 1157 1036 1221 quibus
1048 1157 1073 1205 lu
1085 1155 1253 1208 describendo

163 1229 299 1293 degrsutit
310 1229 402 1279 montis
411 1230 495 1280 AEruu
505 1232 644 1284 Pludssusu
656 1233 760 1297 politum
769 1242 873 1286 secutus
883 1243 941 1287 ests
951 1237 1099 1302 colisteque
1114 1235 1148 1286 eb
1165 1250 1197 1288 eo
1211 1251 1251 1286 sn·

161 1309 308 1373 persedens
319 1323 346 1360 te
357 1311 489 1376 utriusque
499 1313 613 1362 csrmlus
621 1320 650 1363 et
661 1313 811 1377 dijudlctts.

195 1393 236 1440 11.
252 1389 327 1442 Quod
338 1389 493 1442 Plutarchus
509 1391 537 1442 b
556 1391 629 1441 llbrls
646 1392 817 1456 Symposiecis
829 1393 975 1458 opinionem
987 1393 1105 1444 Plutonis
1116 1393 1150 1444 de
1160 1394 1251 1444 hubite

160 1475 238 1534 elque
249 1477 340 1518 ustum
350 1471 475 1520 stomachi
487 1469 635 1536 tistulseque
656 1474 711 1535 ejus
730 1487 788 1536 ques
803 1475 904 1536 τραχεῖα
918 1473 1022 1534 dicitur,
1038 1473 1174 1524 uuiversum
1186 1474 1250 1523 Ere-

160 1547 290 1600 sistrstuur
310 1549 437 1600 medicum
458 1556 557 1600 tutstus
575 1556 617 1601 est
637 1551 793 1602 suctoritete
807 1553 921 1604 sdhibits
932 1553 1136 1618 entiqulmediei
1147 1553 1249 1618 Hippo·

160 1627 246 1678 cretis.

193 1709 231 1758 st.
249 1707 292 1758 De
303 1708 418 1758 meteslir
430 1706 577 1772 infinibus,
587 1723 651 1774 ques
660 1709 747 1761 Greci
757 1707 849 1772 &stote
858 1712 1000 1774 sppelleut,
1011 1725 1028 1760 e
1037 1711 1164 1762 Fsrosluo
1176 1725 1251 1760 exer-

160 1785 232 1835 cendi
242 1787 327 1851 gretie
338 1787 486 1851 disputetis.

191 1869 230 1918 lt.
245 1868 253 1896 ‘
266 1866 352 1928 Quiu’
370 1866 498 1930 perticols
514 1873 577 1932 quot
594 1869 735 1933 quaterque
746 1866 887 1917 serietetes
898 1863 1095 1930 significetiunis
1105 1863 1209 1926 hebent,
1224 1875 1251 1916 et

158 1957 232 2008 quem
243 1960 312 2008 serpe
324 1946 350 1994 lu
361 1945 486 1994 Veterum
499 1947 603 2008 scriptis
613 1947 723 1996 obscure
734 1947 777 1996 sit.

189 2027 230 2074 tt.
247 2023 390 2073 Sententia
402 2037 436 2072 ex
446 2023 536 2073 Publii
547 2025 630 2073 mimis
641 2027 747 2074 selectu
762 2024 909 2088 lepidiores.

189 2105 231 2151 to.
247 2101 326 2154 Quod
337 2099 486 2150 Cemeedes
497 2099 669 2150 Aesdcmicue
680 2102 796 2152 elleboro
807 2101 967 2152 stomschum
979 2099 1098 2163 pergerit
1109 2099 1251 2163 scripturus

156 2179 284 2232 sdretsus
295 2179 407 2230 Zenonis
418 2178 500 2228 Stoici
512 2179 634 2229 decretur
650 2178 734 2244 deque
752 2187 845 2230 netum
862 2178 1014 2243 medelaque
1028 2177 1136 2229 ellebori
1147 2179 1250 2230 ceudidi

156 2264 187 2310 et
200 2257 277 2322 ulgrla

189 2341 229 2390 lo.
244 2336 345 2388 Anstes
364 2336 490 2386 Ponticus
508 2335 560 2386 sisu
582 2333 679 2386 hebere
700 2337 805 2386 uenenis
823 2335 988 2400 detergentis
1006 2343 1155 2400 potentem:
1171 2344 1249 2402 etque

156 2416 220 2468 inibi
232 2416 265 2467 de
277 2417 424 2467 Mithridati
437 2416 503 2477 regis
515 2415 540 2464 lu
551 2415 577 2464 ld
588 2429 669 2478 genus
681 2415 875 2466 medicamentis
886 2415 1001 2466 solertie.

188 2500 228 2546 st.
245 2497 422 2548 Mithridstesu
434 2495 513 2546 Ponti
525 2507 612 2558 regem
623 2496 737 2560 quinque
748 2503 776 2545 et
787 2495 878 2560 viginti
888 2496 1003 2559 gentium
1020 2493 1112 2558 linguis
1126 2494 1249 2551 locutum,

157 2577 331 2644 Quintumque
341 2579 451 2630 Euulrsm
472 2577 525 2628 tris
542 2577 622 2626 corde
639 2576 736 2627 lssbete
753 2589 781 2627 te
803 2576 910 2640 dixisse,
927 2575 996 2642 quod
1017 2583 1069 2625 tres
1080 2573 1179 2637 lingone
1190 2587 1248 2638 pes·

155 2655 299 2719 cellulsset,
308 2658 440 2721 Grucem,
450 2657 557 2718 Oscum,
569 2656 699 2706 bstinem.

188 2739 230 2786 ts.
246 2735 323 2788 Quod
341 2738 474 2788 tutum
489 2737 520 2786 G.
534 2735 683 2786 Sellustlum
700 2733 815 2786 historia
833 2736 987 2799 scriptorem
1005 2732 1193 2796 deprehensurus
1213 2733 1247 2782 sb

157 2812 245 2864 Annio
267 2814 365 2864 Milone
386 2815 412 2864 lu
433 2813 560 2864 sdulterlu
580 2815 681 2877 scribit,
696 2821 724 2864 et
743 2815 805 2864 lusis
826 2829 930 2876 cesum,
947 2813 1106 2878 pecuuisque
1125 2811 1186 2862 dste
1208 2811 1246 2862 di·

156 2905 273 2942 msssnm.

188 2975 228 3023 to.
244 2971 312 3024 Quid
321 2972 457 3036 Epictetus
468 2971 630 3037 philosophus
642 2971 730 3022 dicere
742 2969 832 3021 solitus
842 2971 876 3021 sit
887 2967 1031 3021 homiuibus
1041 2983 1149 3036 uuquqru
1161 2977 1188 3022 ct
1199 2971 1243 3021 im·

155 3053 225 3116 puris
235 3051 383 3116 disciplinss
393 3053 559 3116 pbilosophlss
570 3051 686 3102 studiose
698 3049 882 3101 trectsutlbus:
899 3055 926 3099 et
936 3063 994 3114 que
1005 3049 1056 3100 duo
1067 3049 1146 3100 rethe
1156 3051 1244 3099 obser·

155 3131 240 3182 rsuds
251 3131 409 3194 preceperit
419 3134 531 3182 omnium
542 3146 626 3182 serum
637 3133 714 3196 louge
724 3129 847 3180 sulubrls.

187 3213 229 3262 tt.
246 3207 333 3260 Verbs
342 3215 427 3260 sumts
437 3223 470 3258 es
480 3209 614 3274 Symposio
628 3210 746 3261 Plstuuls
763 3207 874 3258 numeris
884 3208 1096 3271 cuussmeutisque
1107 3203 1244 3253 uerborum

153 3291 230 3351 scite,
240 3287 383 3351 modulum,
394 3295 507 3354 spesque
517 3290 654 3340 exercendi
665 3293 751 3355 gretie
760 3289 786 3339 lu
798 3287 915 3338 hhusm
927 3287 1069 3337 cretionem
1081 3295 1165 3332 uersu.

185 3373 227 3422 st.
244 3367 346 3422 ouibus
356 3367 515 3432 tenporibus
528 3377 588 3432 pust
599 3370 705 3419 ltumem
715 3367 846 3419 conditum
862 3364 950 3417 creet
961 3362 1122 3426 Romeuiqus
1133 3358 1244 3408 illustres

154 3450 202 3501 siri
212 3449 349 3502 ilumeriut
361 3455 423 3498 snte
433 3447 574 3498 secuudum
586 3446 678 3498 bellum
688 3445 944 3510 certhspiuieusluus.

445 3574 617 3626 commouit
627 3573 796 3625 οσίωοάωἰηο
804 3571 853 3620 tut
863 3570 954 3620 inmisi.

186 3677 209 3725 1.
226 3673 424 3740 Disputstloues
435 3687 452 3724 e
462 3670 613 3738 philosopho
629 3669 728 3730 Stoico,
747 3673 777 3720 et
794 3671 885 3716 contre
903 3677 921 3711 e
935 3656 1127 3724 Peripatetico.
1144 3655 1243 3706 sublim

154 3751 397 3814 utrumquem:
422 3752 610 3818 quesitumque
632 3751 701 3800 iuter
729 3760 793 3806 eos;
817 3747 941 3807 queutum
963 3737 990 3788 lu
1011 3733 1168 3801 perficiente
1191 3735 1244 3784 vitu

153 3835 232 3886 ueste
239 3833 323 3884 virtus
334 3833 451 3894 usleret3
469 3839 646 3896 questumque
656 3833 727 3878 esset
736 3825 763 3874 iu
774 3823 806 3872 lis
817 3832 873 3884 quus
885 3815 1006 3865 dicuutur
1016 3820 1149 3864 emm

185 3916 210 3964 2.
228 3909 375 3976 eujusmodi
386 3912 555 3976 questionum
567 3905 753 3959 certationibus
763 3895 935 3952 tuturutlicls
954 3893 1053 3944 ludicre
1064 3891 1171 3944 Athenis
1190 3893 1242 3956 egi·

154 3999 210 4044 tsre
229 3991 297 4041 soliti
317 4005 417 4044 sumus:
435 3999 513 4056 etque
531 3987 595 4038 inibi
614 3987 733 4050 inspersu
753 3977 872 4046 quedem
890 3974 1047 4042 sophismsts
1058 3983 1085 4026 et
1104 3975 1242 4040 enigmate

151 4071 331 4126 oblectetorls.
